2628 3810
358 287 696 354 ennuntiatione.
730 287 893 356 neustr:
1051 301 1097 370 ep

190 471 219 520 et
238 465 326 523 omnis
343 465 426 520 horno
443 464 612 520 naturaliter
628 455 752 522 mortalis
771 465 829 523 sit?
862 470 932 522 Ans.
950 451 1128 540 Nen'putoi

188 549 385 605 mortalitatem
403 550 440 604 ad
462 565 561 621 puram
583 551 633 607 sed
652 553 690 608 ari
705 561 863 625 corruptam
879 554 1000 632 hominis
1015 561 1095 610 natu-

188 649 249 688 ram
269 634 416 704 pertinere.
453 634 564 706 Quippe
586 635 610 690 si
632 653 775 710 nunquam
798 645 942 710 peccasset
964 640 1046 695 homo
1065 637 1130 698 sul

189 719 383 778 immortalitas
401 721 488 792 ipsius
516 721 726 778 immutabiliter
743 721 853 776 firmata
871 730 957 794 esset,
980 741 1037 780 nen
1051 729 1095 780 ta·

83 790 106 852 'x
172 821 253 861 men
277 806 368 860 minus
393 806 474 862 homo
501 812 575 862 esset
597 823 696 879 verus3
723 811 751 862 et
775 808 886 878 quando
911 809 1040 864 mortales
1066 807 1121 864 inl

188 889 450 965 incorruptibilitate
475 899 635 964 resurgent5
662 911 719 954 uon
743 893 835 948 minus
863 897 945 947 erunt
968 893 1096 950 veri-ho·

187 976 292 1038 minee3
308 991 382 1031 vuam
406 977 429 1031 si
451 978 603 1048 pertineret
623 978 660 1034 ad
683 977 828 1033 veritatem
854 977 993 1032 humanae
1016 984 1096 1032 natu·

187 1077 235 1117 rae
261 1061 430 1132 mortalitas,
454 1079 631 1136 nequaquam
647 1070 742 1134 posset
758 1079 820 1118 esse
836 1061 931 1131 homo,
957 1063 1096 1134 quiesset

187 1146 365 1217 immortalis;
388 1166 444 1204 non
469 1162 535 1222 ergo
561 1150 681 1219 pertinet
698 1149 737 1202 ad
754 1147 942 1203 sinceritatem
959 1139 1119 1204 hnmanae¹

187 1238 303 1288 naturae
334 1233 551 1305 corruptibilitas
579 1234 637 1289 sive
665 1232 930 1304 incorruptibilitas,
961 1231 1093 1303 quoniam

169 1324 287 1373 ⁴neutra
308 1315 452 1372 facit‘aut
474 1317 592 1372 destruit
612 1309 766 1386 hominem,
793 1317 844 1371 sed
861 1317 949 1372 altera
965 1318 1040 1372 valet
1058 1317 1096 1372 ad

188 1402 246 1458 eius
274 1403 427 1472 miseriam,
456 1403 544 1458 altera
570 1404 607 1457 ad
635 1403 844 1458 beatitudinem·
882 1401 938 1456 Sed
965 1403 1096 1473 quoniam
1114 1399 1132 1450 ὖ

186 1489 281 1543 nullus
303 1488 386 1544 homo
412 1489 521 1559 estqui
544 1503 601 1542 non
618 1487 765 1556 moriatur,
790 1486 894 1540 idcirco
915 1489 1030 1542 mortale
1048 1505 1097 1558 po·

173 1573 262 1628 nitur
293 1573 323 1628 in
348 1572 467 1628 hominis
496 1573 656 1629 definitione
682 1589 699 1627 a
727 1571 944 1644 philosophiae
971 1571 1019 1642 qui
1040 1587 1117 1625 non.

187 1652 364 1714 crediderunt
382 1664 472 1714 totum
488 1658 628 1714 homiuem
647 1658 797 1730 aliquando
809 1656 935 1728 potuisse
952 1663 1002 1710 aut
1014 1670 1097 1726 posse

187 1761 247 1800 esse
274 1745 465 1801 immortalem.
514 1745 608 1812 Quare
636 1761 693 1799 non
718 1743 823 1798 sufficit
847 1742 884 1796 ad
909 1741 1133 1796 demonstran-6

187 1829 352 1900 (lumillum
376 1830 516 1887 hominem
542 1829 643 1886 debere
671 1824 816 1884 mortalem
843 1844 915 1896 sese,
937 1826 1005 1895 boe,
1029 1827 1118 1897 quia

145 1907 166 1962 .'
187 1930 270 1968 verus
287 1914 369 1970 bomo
388 1917 448 1971 erit.
484 1919 554 1972 Boo.
581 1915 689 1980 Quaere
714 1931 782 1988 ergo
799 1921 832 1969 tu
851 1913 935 1968 aliam
952 1911 1094 1982 rationem,
1114 1915 1129 1964 'l

189 1997 255 2070 quia
277 2016 328 2070 ego
349 1999 427 2056 illam
452 2002 548 2058 nescio
574 2003 598 2055 si
623 2006 656 2055 tu
681 1999 786 2065 nereis,
816 2015 872 2070 qua
893 1999 941 2053 ille
963 1997 1096 2068 probetur

187 2100 270 2154 posse
289 2087 367 2143 mori.
403 2088 471 2142 Aac.
507 2085 632 2140 Dubium
660 2098 716 2138 non
742 2089 798 2152 est,
826 2084 892 2154 quia
920 2084 994 2138 sicut
1019 2083 1096 2139 Deus

190 2169 258 2238 erit,
287 2170 326 2224 ita
350 2173 523 2243 omnipotens
546 2169 607 2225 erit.
643 2170 713 2223 Boe.
747 2167 853 2223 Verum
877 2174 926 2223 est
961 2171 1031 2225 Aac.
1067 2169 1097 2224 si

189 2270 256 2326 ergo
281 2256 369 2324 volet,
393 2258 495 2327 poterit
519 2255 640 2310 animam
664 2269 743 2324 suam
768 2267 871 2323 ponere
889 2253 1034 2308 etiterum
1052 2270 1098 2306 su-

187 2349 278 2393 mere:
307 2341 376 2393 Bor.
411 2341 440 2397 Si
463 2341 524 2418 hoe!
538 2357 594 2394 non
619 2345 725 2410 potest,
748 2355 804 2391 non
828 2337 939 2392 ridetur
963 2338 1039 2408 quod
1062 2331 1121 2394 sui

190 2424 371 2496 omnipotens.
406 2426 476 2479 Aac.
512 2425 620 2480 Poterit
641 2425 728 2496 igitur
751 2437 896 2494 nunquam
918 2423 987 2476 mori
1009 2423 1034 2476 si
1051 2419 1134 2476 ver-8

188 2510 243 2579 let,
266 2516 294 2566 et
317 2510 420 2581 poterit
445 2509 514 2563 mori
538 2515 567 2564 et
590 2526 742 2582 resurgere
780 2509 843 2566 Sive
868 2513 960 2563 autem
977 2507 1097 2562 animam

189 2612 268 2650 suam
286 2601 373 2668 ponat
390 2595 467 2651 nullo
487 2595 541 2650 alie
559 2594 695 2665 iaciente,
712 2595 773 2650 sive
791 2594 863 2648 alius
879 2593 932 2648 hoc
953 2593 1047 2668 faciat,
1066 2585 1117 2649 uti

190 2697 251 2736 earn
279 2687 366 2754 ponat
391 2680 452 2753 ipso
481 2677 676 2751 permittentes*
703 2686 838 2753 quantum
867 2681 905 2734 ad
932 2685 1098 2750 potestatem

189 2765 259 2820 nihil
280 2765 382 2821 differt.
420 2770 488 2820 Boc.
505 2767 569 2822 Non
588 2770 631 2819 est
651 2767 774 2821 dubium.
810 2768 880 2820 Ana.
899 2765 929 2821 Si
947 2765 1034 2838 igitur
1050 2764 1132 2819 vot

188 2849 271 2905 luerit
287 2851 466 2922 permittere,
483 2851 586 2922 poterit
603 2851 708 2914 oecidi3
731 2858 759 2907 et
777 2851 801 2907 si
818 2853 953 2921 noluerit,
975 2868 1031 2906 non
1049 2867 1098 2920 po-

189 2934 263 2989 terit.
297 2939 366 2992 Boc.
402 2937 450 2990 Ad
476 2936 530 2991 hoc
553 2953 603 2990 uos
621 2935 855 2994 indeclinabiliter
871 2937 1000 3008 perducit
1017 2935 1097 3006 ratio.

189 3021 259 3074 Ans.
294 3021 377 3078 Ratio
400 3039 510 3094 quoque
527 3039 577 3076 nos
596 3021 699 3090 docuit,
715 3023 782 3093 quia
800 3029 908 3094 oportet
928 3038 991 3076 eum
1008 3020 1097 3086 maius
1117 3019 1149 3072 10

189 3103 296 3174 aliquid
312 3105 413 3162 habere
431 3124 515 3178 quam
534 3106 671 3178 quidquid
689 3108 741 3163 sub
759 3108 819 3164 Deo
838 3113 888 3176 est,
907 3107 982 3176 quod
998 3113 1098 3178 sponte

261 3345 287 3415 1)
305 3344 362 3400 Ofr.
380 3346 541 3402 Aristotelis
559 3345 712 3417 Aualyfiea
728 3344 826 3400 Priora
845 3349 869 3414 1,
887 3349 927 3401 31.
946 3345 992 3402 all.

486 3449 489 3454 '
913 3439 928 3486 5
