2628 3810
464 1201 873 1290 CAPITULA.

212 1700 233 1749 1.
257 1693 398 1763 Quaestio,
417 1692 453 1750 de
470 1709 527 1766 qua
544 1699 632 1750 totum
653 1711 722 1765 opus
740 1694 851 1766 pendet.

209 1802 234 1852 2.
260 1795 403 1861 Quomodo
420 1797 585 1868 accipienda
604 1804 668 1852 sunt
687 1815 728 1867 ea,
745 1815 817 1871 quse
834 1797 953 1853 dicenda
969 1803 1041 1854 sunt.

210 1900 234 1950 3.
261 1897 436 1956 Obieetiones
454 1901 610 1956 infidelium
631 1908 659 1956 et
676 1901 868 1972 responsiones
888 1899 1019 1956 fidelium.

210 2004 234 2053 4.
262 1999 342 2064 Quod
369 2004 423 2060 hue
450 2003 642 2074 responsiones
668 2004 813 2059 videantur
836 2003 994 2059 infidelibus
1018 2005 1078 2060 sine
1102 2021 1148 2060 ue·

261 2087 388 2144 cessitate
405 2097 432 2144 et
450 2091 529 2161 quasi
550 2091 687 2162 quaedam
705 2092 837 2161 picturae.

210 2196 233 2244 5.
257 2188 339 2253 Quod
354 2193 485 2250 redemtio
505 2194 623 2248 hominis
640 2211 695 2248 non
713 2193 805 2264 potuit
823 2193 883 2248 fieri
902 2211 953 2264 per
966 2192 1050 2248 ulium
1063 2210 1149 2265 quam

260 2291 311 2344 per
329 2274 382 2330 Dei
400 2295 553 2346 personum.

209 2384 233 2434 6.
258 2377 402 2443 Quomodo
428 2381 632 2450 reprehendant
655 2381 793 2449 infideles,
820 2382 893 2458 quod
920 2380 1038 2435 dicimus
1056 2381 1148 2437 Deum

260 2469 349 2519 morte
370 2482 421 2518 sue
443 2483 493 2520 nos
520 2467 668 2522 redemisse
687 2467 773 2522 etsie
792 2467 967 2522 dilectionem
985 2483 1063 2521 suam
1081 2484 1158 2539 ergo!

260 2567 310 2604 nos
327 2550 481 2604 ostendisse
496 2557 524 2605 et
535 2569 585 2621 pro
597 2553 677 2607 nobis
694 2570 854 2624 expugnare
873 2553 1014 2608 diabolum
1030 2554 1147 2608 venisse.

210 2659 234 2708 7.
260 2652 341 2718 Quod
360 2654 465 2708 nullum
483 2653 610 2708 diabolus
629 2655 751 2710 habebat
769 2653 901 2708 iustitiam
915 2656 1048 2711 adversus
1061 2656 1147 2711 homi·

259 2757 331 2810 nem,
353 2747 382 2795 et
401 2755 487 2812 quare
504 2739 632 2793 videatur
645 2739 782 2809 habuisse,
807 2744 835 2795 et
848 2757 898 2794 eur
910 2741 988 2796 Deus
1000 2741 1052 2798 hoe
1066 2743 1147 2798 modo

258 2825 396 2881 hominem
414 2824 581 2882 liberaverit.

209 2933 232 2982 8.
258 2927 415 2998 Quomodo,
440 2930 506 2984 lieet
528 2926 644 2982 humilia
670 2945 740 2998 quae
758 2929 874 2983 dicimus
893 2929 928 2984 de
946 2927 1068 2999 Christo,
1091 2947 1148 2985 non

259 3016 417 3084 pertineant
434 3016 471 3069 ad
489 3014 669 3082 divinitatem,
694 3013 887 3070 inconveniens
905 3015 1032 3070 videatur
1048 3015 1145 3072 infide-

260 3099 333 3156 libus
359 3117 393 3155 ee
409 3103 444 3155 de
464 3102 513 3156 illo
533 3101 589 3155 diei
607 3101 758 3156 seeundum
781 3101 932 3169 hominem,
954 3108 982 3156 et
1000 3102 1075 3156 unde
1091 3103 1148 3157 illis

261 3187 387 3241 videatur
403 3186 477 3243 idem
495 3188 576 3242 homo
596 3205 652 3242 non
669 3193 768 3257 sponte
787 3194 910 3242 mortuus
930 3203 997 3244 esse.

209 3296 232 3346 9.
258 3287 339 3352 Quod
357 3295 453 3360 sponte
471 3297 596 3344 mortuus
612 3290 656 3358 sit,
675 3297 703 3344 et
723 3289 790 3359 quid
805 3291 841 3343 sit
851 3291 951 3356 factus
964 3291 1147 3344 mobediens

259 3391 345 3447 usque
362 3377 403 3429 ad
421 3384 545 3446 mortem,
563 3384 589 3432 et
601 3384 720 3448 propter·
732 3377 809 3446 quod
819 3379 898 3428 Deus
909 3375 991 3491 s'sslum
1003 3375 1143 3443 eoaltavit,
