2628 3810
419 313 500 371 eun
517 311 618 370 uuus
635 311 754 390 nouo.
790 313 813 370 1.
834 318 874 370 rs.
1056 314 1097 381 37

190 483 285 556 angeli
303 500 353 554 per
372 482 444 538 filios
459 483 548 539 Israel
567 488 595 540 et
611 483 678 539 iusti
696 483 889 554 homines'per
907 481 1021 554 angelos
1033 481 1098 537 Dei.

191 569 221 626 Si
238 569 305 625 boni
322 569 416 640 angeli
432 575 541 626 tantum
562 570 743 642 designantur
768 586 818 640 per
836 573 999 639 utrumque,
1024 567 1099 624 idom
1116 575 1149 627 47

190 661 233 710 est
252 654 368 727 quodsi
393 655 482 710 solum
503 673 553 727 per
572 656 687 729 angelos
706 654 777 724 Dei3
801 655 826 708 si
851 671 917 710 vero
935 659 995 709 tota
1011 653 1098 708 ooelo-

190 740 240 795 stis
258 740 365 810 civitas,
383 741 428 796 hio
447 747 490 796 est
505 759 614 812 sensus,
633 741 774 813 quietam
793 740 841 794 diu
858 744 1034 795 assumentur
1050 757 1108 810 po»

190 824 251 894 puli
278 825 296 880 i.
319 843 342 881 e.
366 827 559 882 multitudines
591 827 741 882 electorum
774 825 930 895 hominum,
960 829 1010 880 aut
1040 830 1099 880 tam

192 910 241 964 diu
262 904 344 966 erunt
367 913 465 983 populi
489 913 520 967 in
538 912 592 968 hoe
617 913 742 983 saeculo,
768 913 857 968 donee
883 911 919 966 de
941 910 1100 966 hominibus

190 996 413 1066 praedestinatus
431 1015 561 1054 numerus
587 997 661 1053 illius
678 997 799 1053 civitatis
818 994 942 1052 nondum
958 996 1100 1068 perfectus

190 1082 367 1153 compleatur.
404 1083 459 1140 Sed
481 1102 537 1140 non
560 1083 642 1140 video
665 1101 751 1153 nuno,
775 1083 914 1156 quomodo
937 1083 989 1137 soli
1006 1082 1099 1154 angeli
1116 1081 1150 1133 48

190 1174 239 1222 aut
256 1167 339 1222 simul
356 1168 456 1240 angeli
473 1174 503 1224 et
519 1168 644 1224 homines
670 1169 760 1224 saneti
783 1187 833 1242 per
859 1169 931 1225 filios
949 1168 1037 1224 Israel
1057 1169 1098 1223 in·

190 1254 369 1326 telligantur3
395 1260 506 1308 sanctos
533 1259 628 1309 autern
655 1254 780 1311 homines
805 1255 878 1311 filios
901 1254 1001 1324 Israel,
1027 1254 1099 1310 siout

188 1338 260 1394 filios
278 1338 411 1396 Abrahae
427 1340 535 1410 vocari,
552 1357 608 1395 non
627 1346 669 1396 est
687 1340 818 1395 alienum.
849 1339 904 1405 Qui
922 1341 1016 1413 angeli
1032 1357 1100 1413 quo·
1115 1335 1150 1390 49

190 1441 244 1496 que
261 1424 316 1481 Dei
333 1442 384 1496 per
401 1424 453 1479 hoo
471 1429 547 1478 reete
561 1429 679 1495 possunt
694 1424 802 1495 vocari,
829 1425 895 1495 qula
910 1427 997 1480 vitam
1013 1443 1099 1498 ange·

189 1510 272 1566 licam
297 1511 454 1578 imitantur,
480 1514 565 1581 atque
583 1506 737 1564 similitudo
753 1515 782 1564 et
807 1509 962 1580 aequalitas
986 1512 1099 1582 angelo-

190 1613 252 1650 rum
273 1595 328 1650 illis
353 1594 523 1665 promittitur
548 1595 579 1649 iu
604 1593 696 1664 coelo,
724 1599 752 1650 et
772 1595 839 1666 quia
857 1612 951 1650 omnes
968 1596 1041 1650 iuste
1059 1596 1099 1650 vi-

190 1689 287 1738 ventes
313 1681 406 1752 angeli
432 1679 487 1734 Dei
515 1685 587 1737 sunt.
630 1680 714 1736 Unde
742 1680 796 1752 ipsi
819 1681 989 1736 confessores
1013 1685 1100 1753 atque
1116 1680 1150 1732 50

190 1769 355 1838 martyres1)
375 1765 517 1836 dicuntum
544 1764 593 1838 qui
610 1765 684 1820 enirn
702 1765 848 1822 confitetur
868 1773 896 1822 et
912 1769 1033 1822 testatur
1053 1781 1100 1822 ve·

190 1853 314 1922 ritatem,
348 1851 403 1906 Dei
429 1852 543 1906 nuntius
574 1851 593 1906 i:
626 1869 649 1906 e.
679 1851 796 1924 angelus
827 1851 886 1908 eius
916 1858 966 1906 est.
1011 1851 1049 1906 Et
1076 1849 1101 1905 si

191 1935 283 1990 malus
301 1936 383 1992 homo
401 1937 503 1994 dieitur
521 1937 662 2008 diabolus,
687 1937 759 1992 siout
778 1938 813 1993 de
833 1937 905 1993 Iuda
922 1937 991 1992 dicit
1006 1935 1101 1992 Domi·

192 2036 245 2074 nus
252 2023 273 2090 ²)
292 2027 405 2093 propter
422 2022 632 2078 similitudinem
651 2023 787 2078 malitiae:
806 2040 856 2078 our
874 2041 931 2079 non
949 2025 1033 2079 etiam
1052 2021 1101 2078 bo

192 2122 245 2159 nus
263 2103 345 2161 homo
363 2108 471 2163 dioetur
488 2108 605 2181 angelus
621 2113 735 2178 propter
756 2109 940 2163 imitationem
957 2109 1081 2164 iustitiae
1087 2107 1105 2171 l,

173 2205 176 2210 ·
193 2191 285 2266 Quare
303 2208 458 2263 possumus,
476 2199 509 2248 ut
524 2197 602 2264 puto,
621 2193 727 2262 dicere,
745 2193 837 2248 Deum
855 2193 1031 2248 constituisse
1048 2201 1101 2246 ter·
1119 2200 1150 2251 51

192 2277 283 2331 minos
304 2279 476 2346 populorum
503 2280 582 2334 dueta
606 2295 749 2333 numerum
777 2278 927 2334 electorum
951 2278 1102 2346 hominum,

194 2363 261 2434 quia
282 2362 391 2416 tamdiu
412 2368 493 2418 erunt
516 2362 613 2435 populi
634 2370 663 2419 et
686 2364 738 2420 erit
763 2363 793 2418 in
815 2362 868 2417 hoe
892 2363 996 2418 mundo
1013 2361 1101 2417 homi·

174 2461 258 2504 'num
288 2447 458 2518 procreatio,
491 2448 579 2504 donee
610 2464 741 2504 numerus
772 2447 923 2503 eorundem
952 2447 1103 2504 electorum

191 2535 334 2590 hominum
353 2532 538 2603 compleatur3
564 2540 593 2588 et
615 2551 648 2590 eo
666 2533 802 2605 completo
822 2533 944 2589 cessabit
959 2532 1102 2588 hominnm

192 2620 349 2692 generatio,
374 2635 446 2691 quae
463 2618 497 2673 fit
512 2618 543 2673 in
560 2618 614 2674 hao
630 2619 697 2675 vita.
731 2619 772 2674 At
793 2619 817 2674 si
841 2634 891 2690 per
916 2619 1031 2693 angelos
1047 2618 1103 2675 Dei
1120 2620 1152 2672 52

193 2705 375 2776 intelligimus
400 2709 512 2759 sanctos
535 2704 648 2776 angelos
672 2710 781 2760 tantum
801 2711 829 2760 et
850 2721 902 2775 per
923 2704 996 2760 filios
1014 2703 1102 2760 israel

191 2789 383 2846 tantummodo
403 2789 490 2844 iustos
507 2789 644 2858 homines,
669 2789 778 2846 duobus
797 2788 886 2845 modis
904 2789 1024 2862 intelligi
1041 2796 1102 2862 pot·

174 2880 248 2944 est,
273 2875 339 2947 quia
363 2875 504 2930 constituit
520 2875 600 2929 Deus
620 2876 751 2928 temiuos
763 2877 936 2945 populorum
954 2877 1033 2929 taeta
1052 2892 1108 2944 aa<

192 2975 298 3015 meum
322 2961 485 3034 angelorum
506 2959 576 3016 Dei:
608 2963 658 3015 aut
681 2959 748 3032 quia
771 2966 867 3016 tentus
889 2959 1011 3032 populus
1034 2959 1051 3013 i.
1077 2973 1102 3014 e.

174 3047 236 3099 tot
256 3043 381 3102 homines
407 3049 582 3102 assumentur
611 3051 680 3118 quot
708 3051 773 3100 sunt
799 3046 887 3102 sancti
916 3044 1009 3116 angeli
1038 3041 1102 3114 Dei,

265 3235 290 3302 1)
309 3233 360 3288 Est
377 3233 445 3290 haee
463 3235 547 3292 leotio
567 3251 638 3290 omn
656 3231 744 3288 Codd.
760 3250 859 3289 eomm.
1078 3295 1085 3314 ,

191 3303 291 3425 ἐωξὶ
321 3301 378 3358 Cfr.
404 3303 501 3360 Ioann.
530 3311 558 3375 6,
585 3310 633 3360 to:
671 3303 718 3373 „le
754 3301 837 3376 ὑμῶν
866 3295 917 3362 εἷς·
935 3297 1106 3407 διᾷβολος
