2628 3810
159 315 165 320 ·
222 293 263 358 10
404 290 432 346 S.
452 289 624 347 ANSELMI
642 289 950 368 CANTUAROENSIS

220 461 323 515 iustum
341 468 370 517 et
386 460 532 528 iniustum,
561 465 589 515 et
612 460 650 514 ob
671 459 724 512 hoc
743 475 762 512 a
781 476 838 514 non
855 455 1129 532 diligentertuentu-

171 549 202 600 10
220 546 296 601 tibus
313 553 403 602 totum
425 545 528 600 iustum
545 549 595 600 sut
620 544 753 598 iniustum
769 543 893 600 iudicari.
928 546 1029 602 Evenit
1044 546 1127 618 ¹eninr,

220 639 253 687 ut
272 632 372 704 uliquis
392 632 568 692 innocentem
586 628 725 700 percutiat
741 627 861 699 iniuste,
885 632 961 688 unde
977 632 1037 704 ipse
1054 633 1129 688 iuste

219 713 329 789 percuti
346 722 498 784 mereatum
526 715 551 769 si
574 721 668 770 tumen
689 730 836 785 percussus
862 716 1005 773 vindicare
1022 734 1052 773 sc
1071 734 1128 773 non

206 803 305 859 ¹debet
331 808 360 858 et
386 801 507 874 percutit
535 801 737 872 percutientem
764 816 808 866 sc,
841 800 944 857 iniuste
973 802 1027 858 hoc
1051 802 1128 858 fucrt.

171 887 199 938 11
219 887 298 943 Haec
330 887 417 958 igitur
443 885 584 957 percussio
612 903 647 941 ex
675 890 756 956 parte
787 885 998 956 repercutientis
1025 887 1129 942 iniuste

220 979 271 1039 est,
296 973 363 1042 quia
384 986 440 1026 non
463 971 561 1026 debuit
589 988 619 1026 se
643 971 798 1042 vindicare3
825 989 859 1027 ex
883 977 961 1042 purte
984 989 1049 1027 vero
1066 988 1128 1043 per·

221 1057 296 1111 cuesi
313 1056 400 1125 iustu,
426 1057 493 1128 quiu
510 1056 612 1112 iniuste
629 1057 787 1127 percutiens
805 1056 878 1111 iuste
894 1057 1003 1127 percuti
1019 1057 1127 1113 meruit

172 1145 203 1196 12
220 1141 339 1197 Diverso
361 1140 447 1212 igitur
471 1141 574 1196 intuitu
597 1141 673 1196 iusta
697 1147 726 1197 et
751 1142 854 1197 iniusta
871 1147 915 1198 cst
932 1142 1029 1198 eudem
1045 1141 1127 1212 actio,

221 1229 287 1300 quia
301 1228 463 1299 contingere
480 1231 572 1297 potest
602 1226 640 1282 ab
667 1226 721 1282 alio
748 1227 865 1283 iudicari
887 1227 987 1282 iustam
1010 1233 1128 1296 tantum,

221 1313 258 1369 sb
285 1313 339 1369 alio
365 1313 504 1369 iniustum.
548 1312 610 1367 Hoc
639 1312 733 1386 itaque
761 1313 843 1368 modo
869 1312 998 1369 diabolus
1026 1312 1127 1367 dicitur

221 1399 293 1454 iuste
319 1415 425 1455 vexere¹
441 1399 593 1469 hominem,
621 1398 688 1470 quia
710 1398 788 1453 Deus
814 1398 868 1454 hoc
900 1398 971 1454 iuste
994 1397 1130 1470 permittit

61 1529 65 1539 .
173 1484 203 1538 13
222 1491 250 1540 et
275 1483 357 1540 homo
377 1478 435 1540 'hoc
462 1485 535 1540 iuste
551 1482 671 1555 patitur.
706 1483 762 1539 Sed
793 1489 821 1540 et
845 1484 911 1553 hoc,
942 1485 1017 1557 quod
1046 1484 1128 1540 homo

220 1569 293 1625 iuste
312 1571 414 1625 dicitur
433 1571 501 1640 pati,
518 1585 575 1624 non
593 1585 645 1623 sua
662 1569 769 1625 iustitia
787 1570 860 1626 iust'e
879 1569 980 1626 dicitur
992 1571 1059 1642 pati,
1078 1570 1128 1626 scd

170 1659 204 1711 14
221 1654 289 1726 quia
312 1657 428 1727 punitur
448 1657 521 1711 iusto
545 1653 650 1709 iudicio
673 1654 736 1712 Dei.
777 1656 818 1710 At
840 1655 865 1710 si
887 1655 1048 1712 obtenditur
1072 1654 1128 1708 chi-
1197 1725 1199 1732 Α

221 1741 391 1812 rographum
409 1741 480 1795 illud
505 1741 622 1808 decreti,
648 1741 723 1811 quod
740 1741 886 1796 adversum
907 1757 957 1795 nos
977 1739 1046 1793 dicit
1061 1755 1127 1809 upo-

222 1825 308 1880 stolus
317 1827 336 1893 ¹)
361 1824 447 1882 fuisse
470 1831 499 1881 ct
519 1833 572 1896 'per
593 1832 709 1882 mortem
731 1825 834 1882 Christi
858 1824 979 1880 deletum
995 1836 1070 1892 esse;
1100 1829 1129 1878 et

221 1916 303 1983 putat
326 1911 441 1983 uliquis,
464 1927 514 1982 per
536 1911 607 1965 illud
632 1903 796 1982 significari,'
820 1911 887 1981 quis
902 1909 1030 1964 diabolus
1047 1910 1128 1980 quusi

222 1995 275 2050 sub
299 1995 445 2051 cuiusdam
468 1995 544 2068 pacti
567 1996 751 2068 chirographo
774 1997 812 2051 ab
834 1994 945 2049 homine
966 1993 1039 2050 iuste
1062 2001 1127 2052 unte

221 2078 380 2149 passionem
403 2078 506 2136 Christi
528 2088 690 2152 peccatum,
715 2083 792 2136 uelut
817 2095 931 2134 usuram
955 2078 1037 2150 primi
1062 2097 1127 2152 pcc·

222 2163 279 2220 cuti
298 2165 374 2236 quod
390 2166 529 2236 persuasit
547 2166 668 2236 homini,
692 2172 720 2221 et
737 2181 854 2237 poenum
871 2163 979 2234 peccati
996 2165 1127 2238 exigeret,

222 2255 255 2305 ut
274 2265 325 2322 per
343 2251 396 2307 hcc
413 2252 546 2309 iustitium
563 2269 642 2307 suum
660 2267 743 2320 super
763 2248 901 2304 hominem
920 2249 1048 2306 videatur
1063 2269 1127 2322 pro-

172 2333 204 2387 15
223 2335 305 2406 bure,
329 2339 505 2410 nequaquam
526 2339 567 2392 itu
591 2334 804 2404 intelligendum
826 2340 902 2404 puto.
938 2334 1048 2408 Quippe
1071 2335 1128 2391 chi·

221 2422 392 2494 rogruphum
419 2422 490 2476 illud
516 2440 572 2477 non
599 2426 642 2476 est
668 2419 786 2490 diaboli,
819 2419 885 2492 quis
913 2421 1128 2493 chirographum

222 2507 324 2562 dicitur
348 2507 464 2572 decreti,
488 2505 629 2559 decretum
651 2509 744 2559 eutem
767 2504 837 2560 illud
859 2523 917 2561 non
941 2512 1002 2561 erut
1024 2507 1128 2563 diaboli

225 2707 291 2778 quia
308 2722 359 2761 nec
377 2707 430 2763 iste
448 2707 556 2777 percuti
573 2724 624 2765 nec
643 2708 691 2764 ille
709 2717 853 2779 percutere
871 2709 970 2778 debet;
996 2725 1029 2763 ex
1052 2711 1127 2761 utru-

223 2792 277 2846 que
296 2781 376 2844 purte
395 2792 450 2830 non
473 2782 618 2846 recteest,
637 2780 703 2850 quia
716 2786 860 2835 exneutrs
891 2782 951 2832 arte
964 2776 1048 2830 debet
1059 2792 1128 2842 esse,

221 2843 370 2914 percussio.
405 2843 476 2899 Cum
499 2862 566 2902 vcro
591 2863 712 2918 peccans
731 2848 768 2903 ab
785 2863 856 2902 eoa
893 2860 976 2916 quom
994 2861 1050 2899 non
1065 2861 1128 2915 per·

220 2913 305 2982 tinet,
327 2913 495 2983 percutitur3
526 2917 657 2984 quonium
680 2924 709 2972 et
734 2917 787 2972 iste
810 2915 894 2970 debet
911 2914 1019 2984 percuti
1035 2919 1064 2968 et
1079 2914 1128 2970 ille

220 2997 276 3036 non
303 2981 386 3038 debet
409 2989 567 3053 percutere:
596 2985 681 3041 debet
700 2992 728 3040 et
751 3000 807 3039 non
831 2981 916 3038 debet
939 2997 999 3036 csse
1017 2998 1128 3080 percus-

222 3049 273 3118 sio,
290 3056 318 3107 et
337 3051 400 3106 ideo
417 3058 495 3108 rectu
513 3059 541 3108 et
561 3069 618 3108 non
635 3059 712 3109 rects
726 3052 824 3123 negari
843 3067 900 3106 non
918 3051 1037 3121 potest‘

294 3138 319 3206 1)
338 3135 443 3192 Coloss.
464 3143 488 3208 1,
510 3143 556 3192 14:
582 3138 729 3206 ἐξαλείψας
753 3136 783 3192 τὸ
804 3137 867 3190 καθ’
886 3134 967 3210 ἡμῶν
979 3154 1023 3207 χει
1042 3135 1128 3210 ‹typu-

222 3225 280 3277 φον
309 3212 385 3267 τοῖς
411 3204 476 3277 δόγ
509 3221 593 3261 conv
617 3206 634 3262 δ’
662 3204 697 3274 ἦν
721 3205 887 3287 ὑπςναντίον
909 3203 986 3279 ἡμῖν.
1025 3156 1127 3276 h'ulge

223 3275 336 3342 „delens
354 3275 430 3346 quod
447 3291 465 3330 u
484 3293 581 3332 versus
591 3293 642 3331 nos
656 3282 716 3331 eret
727 3275 940 3347 unrogrsphum
952 3276 1082 3330 decreti.“
1093 3299 1129 3314 -·

220 3343 286 3402 Vid.
306 3345 440 3412 Benpetis'
455 3344 585 3401 Gnomon
604 3345 638 3402 N.
656 3345 689 3399 Τ.
709 3361 734 3400 e.
753 3344 779 3399 h.
798 3345 817 3400 l.
