2628 3810
220 270 263 340 36
402 269 430 327 S.
447 269 618 332 ANSELMI
635 270 943 330 CANTUARIENSIS

219 439 354 510 eradicat,
382 439 449 513 quia
476 440 578 509 falsum
607 448 663 510 est;
695 459 748 498 nec
775 442 847 498 illud
876 449 972 500 tenere
998 442 1076 511 vole,
1104 443 1129 498 si

170 530 204 582 44
222 542 385 599 cognovero.
427 526 483 584 Sed
506 527 530 582 si
556 528 586 582 in
614 529 669 584 illis
697 527 796 597 rebus,
822 529 857 584 de
887 528 989 599 quibus
1020 527 1129 584 diversa

221 613 317 670 sentiu'
335 618 453 684 possunt
476 611 535 668 sine
556 613 695 684 periculo,
719 612 794 669 sicut
812 619 856 668 est
872 614 943 669 iliud
961 614 1036 670 unde
1054 630 1129 668 nunc

220 699 331 770 agimus
348 727 380 739 -
398 697 422 752 si
440 697 514 754 enim
532 699 685 768 nescimus,
712 704 805 755 utrum
826 699 920 770 plures
938 699 1063 755 hominos
1081 699 1128 754 eli·

219 783 305 856 gaudi
330 783 387 839 sint
411 799 495 855 quam
522 784 617 854 angeli
643 783 746 854 perditi
754 787 774 850 ¹)
801 800 839 838 an
860 801 930 854 non,
958 783 1128 840 stulterum

218 866 318 924 horum
345 859 522 924 aestimamus
547 869 638 940 magis
659 885 749 940 quam
773 869 906 939 alterum
933 869 1042 924 nullum
1058 877 1128 940 puto

219 971 280 1011 esse
299 954 407 1008 animae
423 954 578 1023 periculum
596 975 645 1010 -ε
671 955 703 1024 si,
720 955 848 1026 inquam,
872 954 1029 1009 huiusmodi
1043 955 1128 1012 rebus

219 1040 260 1094 sic
281 1038 443 1110 exponimus
464 1036 558 1093 divina
576 1038 665 1110 dicta,
688 1047 721 1096 ut
738 1040 852 1096 diversis
870 1039 1015 1095 sententiis
1032 1039 1128 1095 favere

218 1123 379 1194 videantur,
403 1139 456 1177 nec
483 1122 587 1180 alicubi
609 1126 760 1196 invenitur,
785 1126 835 1182 ubi
851 1124 919 1198 qnid
937 1119 1128 1181 indubitanter

218 1208 370 1265 tenendum
391 1208 428 1263 sit
451 1208 648 1282 determinent3
669 1228 726 1267 non
746 1212 867 1268 arbitror
890 1209 1055 1280 reprehendi
1080 1211 1127 1266 de·

166 1289 201 1342 ¹¹5
217 1295 291 1352 berc.
338 1293 415 1349 Illud
443 1298 549 1364 autem,
579 1297 794 1366 quoddixieti:
827 1296 968 1352 resuscitarit
995 1295 1127 1350 terminos

213 1380 395 1452 populorum,
409 1397 460 1436 seu
477 1380 610 1451 gentium,
627 1382 707 1436 iusta
725 1400 868 1437 umerum
883 1382 1047 1451 asperorum
1058 1381 1126 1448 Dei,

218 1467 294 1540 quod
316 1466 345 1522 in
372 1465 427 1522 alia
451 1467 661 1537 translatione2)
686 1469 802 1541 legitur:
825 1470 904 1524 iusta
927 1483 1070 1522 numerum
1090 1466 1126 1533 fi·

99 1567 104 1577 ·
218 1555 322 1610 limum
345 1553 459 1608 Israel:
490 1552 621 1623 quonism
643 1553 742 1608 ambee
765 1553 961 1609 translationes
982 1557 1031 1607 aut
1051 1549 1125 1606 idem

216 1638 376 1711 significent
399 1642 448 1692 aut
470 1637 579 1694 diversa
603 1639 664 1694 sine
687 1638 887 1710 repugnantia,
908 1639 949 1695 its
970 1637 1126 1707 intelligen-

216 1725 284 1780 dum
302 1727 351 1791 est,
371 1726 403 1775 ut
421 1727 448 1778 et
464 1739 515 1792 per
534 1724 648 1794 angelos
665 1723 720 1778 Dei
738 1731 767 1778 et
782 1741 833 1794 per
844 1724 916 1779 filios
928 1723 1015 1778 Israel
1032 1719 1126 1792 angeli

215 1809 283 1864 boni
309 1805 500 1877 significentur
525 1808 730 1875 tantummodo,
756 1815 805 1862 aut
822 1809 875 1862 soii
893 1806 1017 1863 homines
1035 1806 1125 1876 electi,

216 1899 266 1950 aut
284 1891 366 1946 simul
384 1890 478 1962 angeli
495 1896 524 1944 et
545 1891 627 1945 electi
648 1891 786 1962 homines,
813 1899 873 1948 tota
897 1893 1004 1948 scilicet
1020 1893 1069 1948 illa
1086 1891 1124 1946 ci-

165 1975 199 2026 46
215 1980 287 2035 vites
307 1994 435 2048 superna.
472 1975 532 2031 Aut
554 1992 606 2047 per
628 1978 742 2047 angelos
761 1978 816 2033 Dei
841 1978 931 2034 sancti
949 1978 1043 2048 angeli
1061 1982 1124 2032 tan·

216 2071 277 2120 tum
304 2067 333 2119 et
357 2079 408 2134 per
433 2061 505 2118 filios
533 2060 621 2117 Israel
646 2061 699 2118 eoli
722 2062 847 2120 homines
874 2063 948 2118 iusti.
987 2063 1047 2118 Aut
1073 2062 1124 2119 seli

215 2239 290 2296 unde
315 2237 468 2308 accipimus
495 2235 630 2318 quicquid
653 2234 800 2315 salubriter
824 2233 1122 2316 innagricultureDei

214 2309 251 2364 sd
276 2307 438 2364 alimentum
464 2321 620 2360 sarmarum
642 2319 822 2373 semmamus3
846 2311 919 2360 ercut
935 2322 992 2360 non
1012 2322 1067 2359 nrsu
1087 2303 1122 2357 de

212 2377 310 2449 primis
326 2381 417 2432 terrae
435 2373 586 2428 seminibus
602 2370 752 2442 habemus,
776 2373 851 2444 quod
869 2373 906 2428 ad
922 2373 1122 2428 nutrimentum

214 2454 377 2525 corporum(
384 2459 436 2525 pro
456 2457 579 2512 agamus.
589 2439 766 2562 diSiquidem
791 2441 1127 2566 cpits'tsautilitegcripdmsce-¹

213 2514 392 2652 lsrffimspgn
398 2525 729 2636 mirgffulgrfagoegnaffl'
739 2528 809 2635 affro
819 2529 964 2652 pmmclrgit
981 2527 1122 2660 cpolin&

212 2667 242 2705 se
261 2666 327 2731 non.
341 2649 507 2730 contineat‘f
541 2647 662 2702 'I'ractat
681 2650 718 2772 d&
740 2649 900 2704 Concordia
920 2647 1121 2770 Ggatsgengs

210 2719 386 2842 maffia}
402 2719 523 2866 promo
538 2718 1041 2868 gd.6iimrr:ffd)]iygirisswggriptirrisl
1054 2755 1118 2864 tan:

210 2864 269 2914 tam
293 2854 376 2910 fidem
402 2852 569 2923 adhrbebat,
599 2860 632 2910 ut
656 2854 844 2911 mdrssolubrlr
868 2852 1000 2932 firmptste
1026 2851 1118 2907 cordus

210 2926 336 2982 crederet
356 2922 426 2978 nihil
448 2921 478 2975 in
503 2923 543 2978 eis
569 2941 642 2994 essa,
670 2925 745 2994 quod
760 2924 864 2980 solidae
881 2925 1004 2977 sentens
1021 2921 1116 2976 trami-

209 3001 266 3052 tem
292 2993 351 3050 ulla
373 2991 464 3073 modo·
482 2991 575 3048 exiret
611 2993 787 3064 Quapropter
808 3006 914 3072 summo
939 2988 1031 3044 studio
1057 2989 1116 3045 eni·

208 3081 285 3119 mum
313 3061 350 3118 ed
377 3061 430 3116 hoc
455 3061 628 3132 intenderet,
659 3068 796 3132 quatenus
822 3065 900 3114 iuxta
924 3057 1009 3113 fidem
1036 3075 1116 3114 suam

208 3132 309 3188 mentis
325 3131 433 3186 ratione
456 3135 607 3185 mereretur
629 3129 784 3201 percipere,
808 3144 880 3201 quae
896 3127 926 3182 in
943 3126 1010 3199 ipsis
1029 3127 1125 3182 sensit·

207 3200 297 3257 multa
314 3200 435 3272 caligine
451 3204 525 3255 tecta
543 3199 655 3253 latere.“
817 3237 819 3243 .
1033 3241 1036 3246 .

278 3272 305 3410 3
322 3269 481 3396 W&
498 3285 566 3338 sap.
580 3265 789 3358 perdrAsbc
805 3265 830 3321 E
849 3263 1125 3335 Fut-romaum..-
