2628 3810
211 273 256 340 34
396 271 423 328 S.
441 271 613 329 ANSELMI
630 271 936 336 OANTUARIENSIS

212 441 311 499 mundi
326 449 456 498 namnam
482 443 511 498 in
535 443 634 498 melius
653 448 788 512 mutarem
812 450 861 500 eut
879 443 903 498 si
920 444 1045 517 perfeeto
1062 453 1122 502 eret

128 559 131 564 ·
212 527 243 585 in
260 544 388 598 numero,
412 529 611 601 nonperfeete
630 533 689 584 eret
706 529 739 583 in
752 525 978 598 'confirmatione‚
996 535 1024 585 et
1042 530 1121 586 diffe-

212 615 300 670 rende
317 620 377 670 eret
397 614 455 672 eius
474 614 660 684 confirmatio,
678 612 786 668 etiemsi
803 616 896 672 nullus
912 616 942 670 in
959 631 993 672 ee
1010 633 1122 688 peeoes·

213 707 269 770 set,
293 699 382 772 usque
408 700 445 756 ad
462 717 524 762 eom
545 699 642 754 mundi
659 715 743 770 quem
766 706 944 768 expectamus
969 701 1122 756 renovatio·

154 817 155 820 =
213 803 290 856 nem3
319 792 369 842 eut
386 786 411 842 si
428 804 484 842 non
502 785 606 840 diutius
626 785 677 838 ille
691 781 865 840 confirmatio
883 783 1038 840 differenda
1056 791 1122 855 eret,

214 872 397 928 eeeeleraude
426 877 485 927 eret
513 870 656 927 mundone
686 869 844 938 renovatio,
875 875 907 923 ut
935 886 1000 925 oum
1026 871 1124 928 eadem

160 955 196 1006 33
214 956 422 1013 confirmatione
439 955 526 1012 lieret
562 955 618 1012 Sed
643 955 718 1025 quod
743 954 878 1010 mundum
895 955 1002 1012 noviter
1019 956 1124 1012 fastum

215 1041 310 1097 stetim
320 1041 398 1096 Deus
416 1056 550 1108 renouare
565 1047 597 1098 ‘et
617 1044 667 1102 eae
682 1057 726 1094 res
744 1056 816 1111 quae
834 1045 898 1109 post
917 1042 1124 1097 renovationem

215 1127 292 1182 illem
310 1144 367 1201 non
384 1132 473 1196 erunt,
497 1126 529 1180 in
546 1125 607 1197 ipso
625 1125 716 1194 initio,
741 1129 891 1197 antequam
909 1133 1056 1197 appareret
1075 1145 1125 1184 our

214 1209 308 1266 foetae
334 1215 442 1280 essent,
467 1210 611 1271 destruere
630 1211 795 1280 instituerit,
823 1210 897 1265 omni
916 1215 992 1264 earet
1010 1211 1124 1268 ratione.

164 1298 198 1348 34
215 1295 347 1368 Sequitur
364 1313 445 1367 erg0,
470 1297 537 1369 quie
559 1286 653 1369 engoli
672 1289 732 1352 ¹non
757 1295 797 1352 its
820 1295 934 1352 fuerunt
958 1296 988 1348 in
1010 1313 1125 1352 numero

214 1380 346 1451 perfeeto,
372 1387 517 1436 uteorum
537 1381 783 1438 confirmationon
801 1381 850 1438 diu
868 1378 1040 1448 differretur,
1061 1396 1125 1450 pro·

214 1473 312 1536 pteree
341 1467 408 1539 quie
436 1466 534 1522 mundi
564 1467 630 1521 novi
658 1467 864 1524 renovationem
893 1484 957 1524 mox
987 1472 1127 1537 oporteret

162 1554 198 1605 ³5
215 1549 290 1622 lieri3
317 1552 393 1624 quod
410 1570 466 1608 non
484 1551 621 1606 convenit.
663 1551 744 1616 Quod
767 1557 862 1609 eutem
887 1553 1004 1610 eandem
1027 1550 1126 1606 oonfir·

216 1637 366 1695 motionem
384 1654 473 1708 usque
490 1637 527 1690 ed
544 1636 641 1694 mundi
659 1637 783 1694 futurem
796 1639 1003 1697 renovationem
1014 1635 1125 1692 differre

215 1722 294 1785 Deus
312 1721 445 1791 voluerit,
470 1720 667 1778 inconveniens
689 1723 813 1794 videtur,
835 1723 998 1796 praesertim
1014 1739 1078 1776 oum
1093 1722 1126 1776 il·

215 1807 272 1864 lem
296 1809 327 1861 in
350 1806 491 1878 aliquibus
514 1811 574 1866 tam
597 1807 654 1862 oito
675 1808 842 1878 perfecerim
864 1814 893 1864 et
918 1798 992 1864 oum
1005 1807 1126 1880 intelligi

216 1892 318 1963 possit,
345 1891 413 1962 quin
437 1890 468 1945 in
493 1891 590 1962 primis
612 1891 771 1948 hominibus
796 1894 907 1966 quaudo
933 1900 1127 1964 peooeverunt,

189 2013 191 2016 -
216 1977 294 2030 illurn
309 1975 422 2033 fecisset
439 1976 464 2032 si
488 1984 545 2034 non'
569 1984 746 2048 peccassent,
775 1979 848 2043 siout
869 1979 936 2036 feeit
953 1978 982 2034 in
1000 1996 1126 2050 perseve-

164 2069 199 2123 36
216 2059 343 2118 rentibus
370 2061 488 2132 angelis.
534 2060 667 2126 Quemvis
695 2063 769 2120 enim
796 2065 920 2120 nondum
944 2066 1127 2135 proveheren-

216 2153 263 2202 tur
281 2147 318 2202 ed
338 2146 416 2202 illem
433 2147 632 2220 aequalitatem
650 2150 827 2220 angelorum,
855 2149 994 2224 adquam
1012 2168 1126 2223 perron·

216 2233 276 2288 turi»
291 2240 370 2288 erent
386 2232 530 2302 homines,
555 2250 619 2290 oum
642 2234 782 2304 perfectus
803 2240 877 2290 esset
892 2254 1023 2294 numerus
1041 2238 1075 2292 de
1095 2236 1128 2290 il·

217 2319 252 2374 lis
271 2320 470 2381 assumendum
500 2319 530 2372 in
555 2317 604 2374 illo
621 2322 715 2374 temen
732 2319 840 2376 iustitia
855 2320 889 2376 in·
903 2340 960 2396 que.
976 2330 1070 2392 erent,
1088 2321 1127 2374 vi-

218 2405 314 2474 detur,
340 2405 430 2476 quod,
455 2405 480 2458 si
505 2402 637 2458 visissent
659 2410 692 2458 ut
713 2421 771 2460 non
788 2414 938 2477 peoeenent
957 2407 1070 2477 tentati,
1088 2407 1129 2462 ite

218 2489 447 2547 confirmarentur
474 2505 539 2544 oum
565 2488 640 2544 omni
664 2491 819 2564 propogIne
836 2510 901 2564 sue,
925 2499 958 2550 ut
975 2495 1128 2563 ultrepee·

219 2590 284 2630 cere
305 2591 363 2631 non
388 2581 516 2646 possent:
543 2573 776 2646 quemadmodum
799 2575 875 2646 qui¹)
903 2578 971 2637 vieti
995 2593 1128 2648 peecare·

218 2665 299 2729 runt,
322 2661 363 2714 sio
380 2659 513 2716 infirmati
528 2665 606 2729 sunt,
629 2666 674 2729 ut,
698 2666 835 2732 quantum
851 2661 882 2718 in
898 2661 965 2732 ipsis
986 2667 1046 2728 est,
1069 2660 1129 2716 sine

168 2751 200 2804 37
219 2749 336 2818 pmoeto
354 2760 415 2816 esse
435 2762 492 2800 non
511 2744 627 2816 possint
658 2743 726 2810 Quis
744 2747 818 2802 enim
835 2747 939 2802 audent
956 2743 1047 2798 dicere
1064 2743 1130 2814 plus

220 2830 315 2888 ualere
339 2828 503 2885 iniustitiam
527 2829 566 2884 ed
589 2829 762 2902 elligendum
782 2831 813 2888 in
835 2829 967 2887 servitute
989 2827 1129 2884 hominem

223 2917 254 2978 in
271 2916 363 2988 prima
381 2915 510 2970 suasione
532 2914 587 2969 sibi
604 2915 834 2982 consentientem,
864 2931 948 2987 quem
965 2913 1073 2971 valeret
1087 2914 1130 2970 iu·

223 3001 302 3059 stitis
319 3001 357 3058 ad
374 2999 595 3058 confirmandum
612 3018 676 3058 eum
700 3001 731 3056 in
746 3000 889 3070 libertate,
914 2997 969 3056 sibi
985 2999 1016 3055 in
1032 2999 1130 3056 eedem

167 3095 201 3148 38
223 3088 317 3163 prime
344 3087 498 3144 tentetmne
528 3086 744 3144 adhamontem?
786 3085 861 3143 Nam
888 3083 1129 3156 quemadmodum,

224 3173 356 3246 quoniam
374 3173 498 3230 humens
520 3177 622 3227 neuun
638 3177 700 3228 tote
719 3178 778 3227 eret
794 3168 1003 3243 impetentibus
1024 3169 1129 3242 primis,

290 3329 315 3396 ι)
333 3312 425 3398 plen
442 3357 479 3369 -
496 3325 572 3398 psa.
