2628 3810
399 290 477 349 cue
494 261 597 349 uuus
615 289 736 348 uouo.
772 291 810 349 11.
829 298 923 350 e-1e.
1085 297 1125 364 61

215 461 330 520 tancti?
365 463 435 517 Am.
455 459 486 516 si
504 459 646 532 quaelibet
661 461 719 518 alia
731 477 851 532 perrona
863 463 1029 534 incarnetur,
1048 471 1129 522 erunt
1145 467 1163 517 4

221 552 278 606 duo
295 547 346 602 filii
365 548 396 602 iu
414 545 558 614 inuitato,
582 545 657 600 filiua
676 545 783 602 scilicet
800 547 855 604 Dei
878 549 926 620 qui
950 555 979 603 et
1007 556 1072 606 anto
1086 551 1128 606 in·

214 634 408 692 -oarnetionem
432 631 506 688 filius
531 637 588 700 eat,
612 637 642 686 et
665 632 713 686 ille
732 633 781 703 qui
796 649 847 703 per
862 633 1080 690 incarnationem
1097 635 1128 690 t-

217 723 274 776 line
305 719 358 776 erit
385 717 515 791 virginin3
548 723 577 772 et
608 718 661 774 erit
694 716 724 771 in
749 719 890 788 personia,
919 737 992 792 quae
1020 725 1156 790 nemper'

218 807 350 878 aequales
366 821 426 860 esse
445 805 561 872 debent,
586 803 771 876 inaequalitas
794 805 947 859 secundum
964 806 1128 877 dignitatern

218 891 403 948 menarum
458 889 623 960 Digniorem
660 905 781 961 namque
809 889 982 946 nativitatem
1012 889 1161 946 habebit5

217 984 301 1034 natur
325 995 359 1034 ex
377 978 453 1045 Deo,
476 993 561 1046 qnam
582 982 665 1030 natue
689 991 724 1030 ex
747 975 873 1048 Virgine.
907 973 979 1030 Item
1002 973 1026 1028 ei
1043 974 1129 1030 Pater

218 1062 304 1118 fuerit
325 1061 500 1130 incarnatus,
524 1067 605 1116 emunt
631 1061 687 1115 duo
709 1067 824 1132 nepotes
841 1062 871 1116 in
889 1059 1038 1131 inuitato,
1061 1061 1129 1133 quia
1160 1075 1175 1119 't

217 1149 305 1204 Pater
322 1147 375 1202 erit
391 1163 478 1216 nepos
499 1151 648 1218 parentum
658 1144 784 1216 Virginis
801 1163 852 1217 per
868 1146 1007 1203 hominem
1025 1165 1129 1204 ereum·

218 1239 286 1303 tum,
307 1239 335 1289 et
352 1233 477 1288 Verbum
495 1247 559 1284 curn
576 1229 647 1284 nihil
663 1229 767 1286 habeat
786 1233 822 1287 de
839 1231 960 1301 homine,
984 1250 1071 1304 nepot
1088 1239 1130 1288 ta·

217 1337 282 1374 men
299 1318 353 1374 erit
369 1315 508 1388 Virginis,
534 1316 601 1387 quia
619 1313 672 1370 filii
689 1314 748 1370 ciue
768 1317 821 1370 erit
837 1317 924 1387 filinae
947 1335 1019 1388 quae
1036 1317 1130 1374 omnia

217 1402 442 1461 inconvenientia
478 1407 545 1456 eunt
581 1416 634 1455 nee
662 1400 693 1454 in
724 1400 914 1459 incarnatione
944 1406 1031 1461 Verbi
1063 1423 1129 1463 eon·

216 1492 338 1563 tingunt.
378 1488 430 1542 Est
453 1493 482 1540 et
502 1486 594 1555 uliud,
624 1503 675 1540 our
701 1485 791 1556 magia
814 1488 962 1544 conveniat
988 1490 1162 1548 interuenit
1191 1533 1208 1546 κ

216 1578 290 1634 Filio
314 1591 398 1647 quam
423 1571 486 1627 aliia
510 1569 651 1644 personis:
676 1570 742 1642 quia
764 1571 972 1629 convenientius
998 1583 1078 1631 acuat
1096 1577 1129 1631 fi-

217 1663 286 1722 lium
302 1659 462 1732 supplicare
481 1657 570 1728 patri,
594 1673 678 1727 quam
697 1655 780 1712 ulium
799 1672 946 1727 personam
965 1659 1020 1715 ulii.
1056 1659 1128 1717 Item
1146 1661 1162 1711 7

217 1749 300 1804 homo
317 1764 369 1818 pro
380 1761 437 1816 quo
451 1748 510 1798 erut
526 1747 662 1810 oraturus,
681 1741 808 1798 diabolus
821 1760 903 1815 quem
915 1753 975 1801 erat
987 1761 1128 1818 expugna·

218 1839 310 1902 turus,
334 1831 417 1887 ambo
436 1828 537 1883 falsum
554 1827 764 1885 similitudinem
783 1829 837 1884 Dei
854 1845 905 1900 per
922 1832 1063 1902 propriam
1079 1848 1128 1886 vo·

219 1917 354 1972 luntatem
378 1919 609 1988 praesumserant
645 1914 729 1970 Unde
755 1914 835 1987 quasi
858 1915 1007 1986 specialius
1032 1916 1128 1970 adver·
1146 1912 1196 2008 8Χ

221 2019 268 2055 ane
285 2017 430 2071 personam
446 2001 514 2056 Filii
537 2006 739 2072 peccavenrnt,
763 2000 812 2072 qui
836 2016 903 2055 vera
920 2000 1014 2055 Patris
1033 2001 1129 2056 simili·
1196 2021 1200 2029 ·

220 2086 288 2140 tudo
307 2087 435 2144 creditam.
469 2087 516 2140 Illi
533 2087 638 2157 itaque,
657 2085 703 2140 cui
720 2085 868 2155 specialius
885 2085 918 2140 fit
935 2085 1044 2156 iniuria,
1063 2103 1128 2142 eon·

219 2171 373 2227 venientius
403 2171 566 2227 attribuitur
596 2170 695 2241 culpae
719 2170 844 2224 vindicta
870 2177 919 2226 aut
944 2170 1128 2242 indulgentie
1174 2175 1188 2198 ‘⁴

220 2256 396 2325 Quapropter
412 2273 476 2312 cum
493 2257 565 2312 ratio
581 2273 633 2311 noe
651 2254 820 2310 inevitabilis
836 2255 998 2326 perduxerit
1014 2257 1050 2310 ad
1067 2257 1128 2325 hoo,
1146 2258 1162 2308 9

220 2348 254 2397 ut
270 2357 385 2395 necesse
403 2341 440 2395 eit
466 2341 588 2396 divinam
616 2347 645 2396 et
666 2340 816 2396 humanam
840 2343 968 2396 naturam
991 2341 1022 2396 in
1044 2357 1129 2399 unam

219 2425 366 2484 convenire
394 2442 553 2495 personam,
581 2443 635 2482 neo
663 2425 716 2481 hoc
746 2425 807 2482 fieri
832 2426 921 2497 possit
946 2427 975 2480 in
999 2426 1128 2499 pluribus
1153 2471 1155 2476 .

218 2511 345 2586 personis
370 2510 436 2580 Dei,
464 2516 492 2564 et
511 2509 564 2565 hoc
588 2513 795 2568 convenientius
814 2511 875 2568 fieri
896 2516 993 2582 pateat
1016 2511 1045 2567 in
1067 2528 1129 2580 per·

218 2614 289 2655 aona
310 2596 398 2654 Verbi
421 2612 506 2665 quam
528 2595 558 2650 in
584 2596 661 2668 aliie;
687 2615 801 2654 necesse
823 2603 867 2652 est
889 2597 1014 2654 Verbum
1036 2596 1129 2652 Deum

220 2691 248 2740 et
274 2683 415 2738 hominem
440 2681 470 2734 in
498 2697 582 2735 unum
610 2683 757 2738 convenire
783 2699 937 2754 personam.
973 2685 1041 2737 Boe.
1082 2681 1128 2738 Sic
1148 2676 1180 2726 1⁰

219 2775 262 2826 est
279 2768 340 2835 via,
368 2785 425 2841 qua
443 2782 487 2820 me
505 2765 597 2836 ducis,
620 2768 744 2839 undique
762 2768 868 2823 munite
886 2768 1007 2834 ratione,
1030 2774 1062 2823 ut
1080 2783 1129 2820 ne·

221 2871 275 2924 que
294 2857 331 2910 ad
346 2855 488 2910 dexterum
506 2870 598 2925 neque
618 2857 655 2909 ad
679 2855 817 2910 sinistrum
834 2854 944 2910 videam
963 2852 1062 2912 moab
1079 2850 1129 2904 illa

220 2953 301 3011 posse
328 2941 476 2997 declinare.
519 2943 589 3006 Aba
624 2939 687 2998 Non
711 2957 764 3012 ego
791 2946 821 2996 te
838 2941 912 2995 duco
929 2938 978 2993 sed
1004 2936 1065 3006 ille,
1094 2936 1129 2990 de

221 3039 277 3094 quo
301 3025 454 3098 loquimur,
477 3026 538 3080 cine
555 3043 611 3097 quo
631 3026 699 3080 nihil
716 3043 877 3097 poaaumue,
903 3042 953 3079 nou
970 3014 1049 3076 fluuit
1067 3020 1128 3075 ubi-

123 3165 127 3174 ,
221 3125 331 3181 cunque
348 3113 423 3166 viam
440 3109 565 3168 veritatis
583 3118 718 3168 tenemur.

300 3249 369 3336 100
415 3285 484 3338 Ana.
519 3283 620 3340 Utrum
643 3289 736 3340 autem
758 3283 842 3337 homo
859 3280 906 3336 ille
925 3277 961 3333 ait
978 3276 1159 3332 morituruat

218 3381 252 3422 ex
272 3365 380 3437 debito,
403 3367 476 3423 sicut
498 3387 593 3425 omnen
615 3367 664 3424 ulii
685 3370 809 3425 homines
833 3381 866 3420 ex
886 3364 981 3419 debito
1006 3361 1127 3416 moriun-
