2628 3810
359 269 559 330 .0UR·¹DEUS
575 267 693 332 110110.
721 271 765 328 Ἠ,
786 276 894 330 12—1t
1041 271 1085 342 69

182 443 242 511 ter,
263 445 365 500 natu.
401 441 675 515 ignorantiarnvero
692 457 748 499 non
764 442 866 512 poterit
881 458 1021 498 assumere
1038 458 1083 498 sa·
1102 435 1138 491 1⁰

183 525 305 596 pienter‚
330 527 396 598 quia
410 545 553 599 nunquam
571 535 614 586 ast
630 526 706 583 utilis
720 517 770 583 sed
789 543 897 600 semper
913 527 1009 597 noxia,
1029 526 1084 584 nisi
1127 560 1129 571 ·

182 607 257 668 forte
283 627 346 666 eum
372 629 423 684 per
447 630 509 670 eam
534 614 608 670 mala
632 613 760 688 voluntas
790 631 862 686 quae
888 629 1030 684 nunqnam
1054 611 1085 668 in

184 692 233 749 illo
251 695 311 764 erit,
329 697 365 752 ab
384 698 487 756 effoeta
500 699 682 772 rapiuntur.
716 699 789 758 Nam
808 699 860 756 eni
877 698 1028 770 aliquando
1047 696 1085 754 ad
1103 698 1151 754 11'

132 843 137 851 Ι
181 779 259 836 aliud
280 800 337 839 non
358 791 454 856 noeet,
476 785 528 844 hoo
550 786 609 842 solo
631 792 726 842 nmen
749 791 844 855 notat,
871 785 937 856 quia
954 782 1087 840 seientiaa

184 864 421 942 bonumaufert3
445 875 474 927 at
496 877 528 926 ut
551 870 672 931 breviter
693 871 836 928 absolvam
860 869 936 942 quod
962 868 1086 940 ιιιιιιιὶιι

185 967 220 1006 ax
247 971 302 1025 quo
329 956 410 1014 homo
433 957 480 1014 illa
506 957 575 1026 erit,
599 957 698 1030 planus
719 953 780 1011 Deo
807 971 915 1026 semper
941 960 981 1022 ut„
995 952 1085 1026 seipso

182 1036 252 1104 arit3
274 1039 349 1094 unde
369 1059 511 1114 nunquam
527 1042 580 1098 erit
595 1042 655 1100 sine
675 1042 734 1098 eius
749 1041 874 1112 potentia
885 1039 1086 1098 otfortitudina

184 1124 215 1176 et
231 1122 376 1194 sapientia.
411 1130 479 1184 Bos.
507 1127 637 1194 Quamvis
659 1127 718 1196 ‚hoo
738 1127 768 1182 in
785 1126 893 1184 Christo
910 1126 996 1182 fuisea
1016 1141 1086 1186 sem·
1105 1118 1140 1170 ¹2

184 1223 236 1276 per
260 1225 316 1264 uon
343 1211 513 1282 dubitarem,
538 1213 602 1268 ideo
627 1218 721 1268 tamen
749 1199 887 1283 quaesiui,
912 1216 945 1267 ut
971 1210 1007 1268 de
1033 1208 1087 1264 hoo

184 1308 296 1364 quoquo
312 1295 447 1354 rationem
470 1297 603 1356 audirem.
639 1298 739 1371 Saepe
752 1314 871 1368 namque
895 1295 1002 1368 aliquid
1026 1311 1088 1358 este
1126 1343 1128 1350 .

183 1377 255 1434 earti
273 1397 367 1436 sumus
384 1388 413 1438 et
429 1389 523 1442 tamen
539 1384 592 1440 boe
609 1383 715 1440 ratione
731 1383 850 1454 probare
865 1381 1012 1444 uenimus.
1070 1415 1074 1426 ι

193 1597 196 1602 ’
263 1569 332 1655 14.
383 1605 452 1659 Bor.
480 1603 561 1662 Nune
586 1593 654 1679 rogo
681 1611 713 1660 ut
736 1605 835 1661 doeeas
859 1621 918 1670 me,
949 1597 1120 1674 quomodol.

138 1708 139 1712 ¹
183 1699 257 1742 mors
275 1687 334 1744 eius
351 1689 511 1762 praevaleat
530 1709 644 1747 numero
662 1697 690 1747 et
707 1688 893 1764 magnitudini
909 1692 1088 1761 pennatorum
1120 1729 1141 1738 μ

185 1767 321 1839 omnium,
350 1792 414 1831 oum
437 1795 523 1833 unum
544 1777 629 1850 (quod
645 1779 776 1847 putamus
792 1773 972 1843 levissimum)
989 1789 1088 1846 pecea-
1119 1764 1142 1776 ''

185 1863 246 1932 turn
265 1863 321 1912 tam
338 1859 476 1917 infinitum
497 1867 647 1932 monstres,
670 1867 702 1918 ut
726 1861 749 1917 si
774 1877 903 1918 uumerus
921 1851 1089 1916 obtendatur

183 1941 309 1998 infinitus
336 1948 514 2016 mundorum,
542 1947 590 2018 qui
615 1944 655 2002 sio
681 1941 758 2045 pleni
782 1945 837 2002 sint
859 1942 992 2002 creaturis
1017 1941 1089 2000 sieut

183 2027 238 2084 iste
255 2034 309 2098 est,
330 2048 382 2087 nee
399 2033 506 2103 possint
523 2033 626 2088 servari
650 2033 718 2105 quin
735 2030 936 2105 redigantur''
916 2050 945 2086 m
962 2027 1088 2100 nibilum,

185 2113 240 2169 nisi
257 2114 343 2170 faeiat
361 2115 462 2190 aliquis
479 2124 622 2189 aspectum
637 2135 725 2172 unum
735 2124 831 2174 conus
842 2119 1013 2172 voluntatem
1024 2109 1088 2184 Dei,
1136 2153 1139 2162 .

185 2216 242 2255 non
260 2204 353 2255 tamen
371 2195 431 2258 fieri
449 2205 556 2261 debeat.
564 2207 584 2274 ¹)
620 2203 690 2258 Am.
718 2203 748 2259 Si
767 2219 909 2300 praesens
916 2203 989 2256 esset
1005 2199 1087 2253 homo
1105 2191 1123 2242 2

185 2285 233 2341 ille
251 2291 279 2342 et
298 2283 359 2358 quis
379 2294 451 2344 esset
468 2290 566 2360 senas,
589 2295 617 2344 et
637 2289 776 2345 diceretur
791 2285 857 2343 tibi·
882 2285 935 2341 nisi
954 2283 1087 2340 occideris

184 2368 324 2428 hominem
345 2371 435 2442 illum,
461 2374 564 2444 peribit
586 2377 706 2431 mundus
729 2374 781 2430 iate
804 2379 878 2430 totus
900 2377 929 2428 et
952 2365 1089 2442 quidquid

185 2451 263 2513 Deus
287 2473 343 2512 non
365 2463 422 2528 est,
444 2457 550 2515 faceres
570 2459 624 2516 hoo
649 2479 701 2535 pro
724 2458 914 2518 conservanda
935 2455 1021 2512 omni
1034 2451 1090 2510 alia

186 2541 331 2601 ereatura?
366 2545 434 2597 Bos.
455 2541 663 2614 Nonianum,
690 2543 882 2603 etiamsimihi
899 2541 1023 2599 infinitus
1037 2535 1139 2604 nui..

185 2645 277 2686 merua
304 2629 476 2684 mundorum
496 2627 699 2688 obtenderetur.
735 2633 803 2688 Ans
840 2627 915 2696 Quid
943 2628 967 2685 si
990 2619 1124 2686 iterun4

184 2713 238 2769 tibi
256 2713 408 2770 diceretur:
427 2719 477 2769 aut
493 2732 556 2772 eum
575 2717 684 2772 occidas
702 2722 751 2773 aut
762 2715 854 2772 omnia
864 2719 982 2789 peooata
994 2709 1139 2768 mundi

187 2798 298 2854 'venient
324 2817 408 2872 super
432 2799 480 2856 te?
523 2799 591 2856 Boe.
625 2801 832 2876 Responderem
854 2817 899 2856 me
922 2798 1016 2872 potius
1034 2787 1139 2851 ulia5

186 2882 280 2938 omnia
302 2889 417 2958 peecata
439 2885 510 2942 velle
533 2886 683 2958 suscipere,
705 2903 763 2941 non
786 2885 876 2941 solum
891 2884 975 2940 huius
994 2877 1091 2936 mundi

187 2955 260 3052 quae
283 2967 396 3027 fuerunt
417 2977 446 3026 et
469 2987 541 3042 quae
561 2969 663 3026 futura
678 2977 756 3040 sunt,
765 2968 833 3029 sed
857 2974 885 3028 et
909 2982 1091 3042 quaeeunque

186 3067 271 3124 super
289 3053 357 3111 haee
383 3054 499 3130 cogitad
523 3060 654 3156 possunt,
677 3074 760 3129 quarn
780 3057 855 3113 istud
873 3055 971 3114 'solum
1008 3047 1090 3116 Quod

128 3157 136 3168 .
185 3154 243 3192 non
267 3138 370 3194 solum
379 3141 413 3197 de
435 3143 571 3201 oeenione
593 3131 651 3200 eius
673 3141 723 3200 sad
750 3147 779 3199 et
801 3141 836 3199 de
857 3139 983 3214 qnalibet
1003 3153 1093 3210 parva

258 3329 282 3394 1)
301 3327 356 3386 etr.
375 3327 438 3388 Lib.
457 3331 480 3386 1.
494 3337 586 3408 0921,
604 3337 619 3390 3
637 3347 677 3402 sq.
