2628 3810
222 240 269 310 sa
406 237 434 295 e.
453 236 625 295 ιιιιιιι
640 233 947 294 ιιιιιιιιιιιιι

227 405 351 479 proferre
369 407 473 479 potuit:
498 423 579 464 nemo
605 408 693 462 currit
716 406 753 460 ad
770 412 888 462 mortem
904 411 1018 478 prepter
1034 421 1137 462 nemen

194 499 328 562 timeum,
359 493 413 548 nisi
430 494 515 550 Peter
534 493 676 565 impulerit
692 496 741 546 eut
758 492 874 548 benerit
892 506 964 548 eum.
1000 491 1137 557 Quoniam
1195 485 1196 489 ’
1238 561 1240 566 Ι

229 595 349 648 namque
377 579 520 634 voluntate
547 578 666 650 quisque
688 577 725 632 sd
750 575 780 631 id
804 579 880 649 quod
904 577 1139 636 indeclinabiliter

229 663 299 732 vult,
321 663 441 718 trahitur
458 665 503 720 vel
520 663 687 734 impellitur,
710 677 766 717 ιιι
783 662 1009 720 inconvenienter
1027 663 1138 719 tuebere

230 755 279 804 aut
296 748 439 819 impellere
455 749 557 804 dieitur
574 749 667 818 Dens,
693 764 757 805 eum
775 747 862 803 talem
883 749 933 804 dat
951 749 1137 818 voluntatem

230 831 261 888 in
285 850 340 903 quo
367 839 460 888 treetu
485 833 532 887 vel
555 833 677 903 impulsu
692 831 777 888 ,nulla
800 833 967 905 intelligitur
990 835 1138 891 violentiae

230 917 395 987 necessitas,
422 919 471 973 sed
498 927 630 989 acceptae
653 917 745 974 bonae
766 918 917 974 voluntatis
937 923 1092 990 spontanea
1110 923 1139 976 et

198 1005 214 1055 6
231 1009 324 1056 amata
340 1003 483 1058 tenacitas.
520 1004 551 1060 Si
577 1021 644 1076 ergo
660 1005 714 1061 hoc
733 1004 815 1060 medo
834 1003 933 1074 nequit
948 1006 1061 1076 negari,
1084 1004 1138 1059 Pa·

188 1141 191 1148 ⁴
230 1093 302 1144 trem
318 1088 491 1144 voluntatem
509 1089 587 1143 illsm
606 1090 700 1144 dando
711 1090 816 1145 Filium
832 1091 869 1145 ad
889 1094 1006 1144 mortem
1023 1090 1141 1145 traxisse

231 1174 276 1228 vel
293 1173 450 1244 impulisse,
469 1172 532 1243 quis
548 1191 605 1229 nen
623 1175 718 1230 videat
735 1176 833 1231 eadem
850 1175 957 1230 ratione
976 1175 1140 1232 mandatum

231 1257 288 1328 illi,
314 1267 347 1314 ut
366 1263 482 1314 mortem
501 1259 650 1316 sustineret
669 1269 780 1330 sponte,
806 1266 835 1316 et
852 1261 968 1316 calicem
985 1276 1068 1331 quem
1083 1278 1140 1316 non

198 1345 333 1400 tinnitus
359 1344 480 1412 biberet,
506 1345 636 1400 dedisse?
672 1345 709 1404 Et
735 1346 758 1400 si
775 1345 863 1401 Filius
887 1345 941 1403 sibi
964 1362 1020 1402 non
1042 1363 1139 1416 peper-

231 1431 302 1487 cisse
327 1431 376 1486 sed
399 1449 451 1502 pro
474 1430 553 1485 nobis
580 1435 734 1501 spontanea
755 1432 899 1486 voluntate
924 1431 1068 1503 seipsum
1085 1436 1141 1485 tra·

232 1517 337 1572 didisse
354 1523 430 1573 recte
448 1516 564 1584 dicitur,
589 1516 651 1586 quis
678 1522 765 1587 neget
781 1523 859 1572 recte
875 1517 946 1588 dici,
971 1516 1038 1588 quie
1055 1515 1141 1571 Pater

232 1619 251 1658 ι
272 1620 328 1674 quo
348 1603 434 1661 talem
451 1600 551 1656 habuit
572 1601 757 1672 voluntatem,
780 1603 823 1657 illi
847 1621 904 1658 non
926 1601 1066 1674 pepercit,
1091 1601 1140 1656 sed

198 1699 283 1759 spro
310 1687 390 1743 nobis
417 1685 534 1742 tradidit
559 1685 692 1742 illum⁴et
714 1693 830 1744 mortem
857 1689 916 1744 eius
935 1685 1041 1744 voluit?
1076 1686 1139 1742 Hdc

232 1773 316 1832 etiem
334 1772 417 1827 modo
438 1771 671 1828 indeclinabiliter
688 1778 715 1828 et
733 1779 832 1842 sponte
848 1772 986 1828 servande
997 1778 1141 1844 acceptam

231 1857 405 1913 voluntatem
425 1873 444 1911 a
459 1855 545 1920 Patre
561 1857 651 1920 Filius
669 1855 762 1912 faetus
780 1861 823 1912 est
843 1856 884 1910 illi
900 1857 1034 1914 obediens
1051 1873 1141 1929 usque

232 1941 270 1996 ad
289 1949 419 2010 mortem,
446 1946 475 1996 et
497 1941 595 1997 didicit
618 1958 653 1997 ex
677 1942 720 1996 his
739 1959 811 2013 quae
829 1959 928 2011 pessus
949 1949 992 1998 est
1010 1942 1140 2000 obedien·

232 2026 314 2093 tiam,
332 2027 361 2080 id
381 2033 435 2096 est,
454 2042 538 2096 quem
555 2043 721 2100 magnares
738 2027 867 2082 iacienda
887 2027 924 2082 sit
943 2045 993 2098 per
1011 2028 1140 2084 obedien·

199 2110 308 2168 etism.
343 2111 417 2169 Nem
442 2119 510 2168 tunc
530 2120 575 2170 cst
597 2130 663 2170 reta
686 2121 715 2170 et
737 2113 855 2184 simplex
878 2113 1051 2183 obedientia,
1076 2130 1140 2170 cum

233 2197 375 2253 rationalis
401 2207 529 2254 creatura
561 2217 617 2254 non
651 2197 816 2254 necessitate
841 2197 891 2253 sed
921 2205 1020 2269 sponte
1049 2203 1141 2254 servat

185 2287 216 2338 10
233 2282 405 2338 voluntatem
419 2301 449 2342 ,a
465 2284 526 2341 Deo
551 2289 703 2354 acceptam.
738 2282 809 2338 Aliis
829 2299 938 2354 quoque
960 2285 1049 2339 modis
1065 2287 1140 2338 recte

234 2386 381 2439 pessumus
417 2369 529 2426 Patrem
567 2369 689 2424 voluisse
726 2368 792 2423 Filii
829 2374 946 2424 mortem
976 2369 1140 2440 intelligere,

184 2461 213 2512 11
234 2455 360 2525 quemvis
386 2453 434 2509 isti
460 2453 568 2524 possint
595 2453 730 2510 sufficere.
772 2453 844 2510 Nam
871 2455 943 2510 sieut
972 2455 1044 2510 velle
1073 2453 1142 2508 dici·

234 2555 296 2592 mus
322 2555 386 2594 eum
410 2538 458 2609 qui
481 2537 565 2609 feeit,
596 2546 627 2595 ut
654 2539 726 2594 nlius
749 2539 831 2610 velit,
857 2539 897 2595 ite
921 2539 1005 2594 etiem
1023 2538 1141 2593 dicimus

234 2639 298 2679 eum
314 2625 386 2680 velle
410 2623 459 2696 qni
481 2641 539 2679 non
562 2623 645 2693 facit,
672 2631 704 2680 ut
729 2625 801 2680 elius
827 2624 907 2692 velit,
932 2623 981 2678 sed
1004 2623 1142 2693 approbet

235 2705 300 2776 quia
322 2708 398 2777 vult,
423 2713 456 2764 ιι
479 2726 543 2764 cum
566 2710 690 2766 videmus
716 2710 837 2783 aliquem
859 2709 967 2765 fortiter
989 2708 1049 2778 pati
1070 2707 1141 2764 velle

234 2791 403 2858 molestiam,
428 2801 460 2848 ut
482 2794 607 2865 perficiat
625 2796 700 2866 quod
719 2795 791 2852 bene
808 2796 883 2864 vult3
911 2793 1036 2864 quemvis
1054 2793 1141 2848 facee

234 2892 297 2930 mur
323 2893 374 2931 nos
399 2876 484 2948 velle,
510 2887 542 2934 ut
566 2881 644 2936 illam
664 2895 783 2951 poenam
800 2879 950 2946 sustineat,
974 2895 1030 2933 non
1048 2885 1142 2935 temen

186 2961 217 3013 12
234 2960 363 3016 volumus
383 2969 432 3016 eut
450 2979 573 3018 ememus
593 2983 713 3037 poenam
727 2964 785 3020 eins
799 2964 849 3018 sed
861 2962 1039 3018 voluntatem.
1057 2963 1142 3018 lllum

236 3063 361 3118 quoque,
386 3046 435 3118 qui
455 3047 600 3118 prohibere
618 3055 712 3120 potest
731 3057 760 3105 et
776 3067 832 3104 ιιι
851 3047 995 3119 probibet,
1022 3048 1141 3104 solemus

186 3133 217 3184 13
237 3130 329 3187 dicere
356 3131 423 3204 quia
448 3131 524 3202 vult,
553 3135 629 3204 quod
654 3153 711 3191 non
736 3134 873 3204 prohibet.
914 3133 1051 3198 Quoniam
1076 3149 1142 3205 ergo

235 3205 314 3271 Petri
341 3218 469 3274 voluntas
493 3218 560 3272 Filii
586 3220 707 3291 placuit,
738 3237 790 3274 nec
815 3217 958 3289 prohibuit
983 3236 1046 3275 eum
1070 3219 1143 3274 velle

237 3309 287 3356 eut
308 3301 422 3373 implere
440 3304 516 3375 quod
535 3304 664 3375 velebat3
684 3309 759 3360 recte
778 3303 905 3375 soluisse,
922 3311 955 3361 ιι
968 3305 1058 3362 Filius
1070 3321 1142 3360 mor·
