2628 3810
228 289 269 358 38
407 286 436 343 s.
451 283 623 342 suenum
640 284 947 344 csuuusmnnna

134 513 141 533 ⁸
228 459 278 510 aut
296 453 363 526 quia
377 454 486 510 tamdiu
504 461 586 510 eruut
602 453 709 526 populi,
726 455 815 512 donec
828 473 961 512 numerus
972 455 1135 528 angehrum'

119 536 140 608 η’
180 536 211 588 53
228 540 283 596 Dei
307 540 478 610 compleatur
503 557 537 598 ex
559 539 725 612 hominibus.
760 539 797 596 Et
820 539 872 596 hoc
900 557 956 598 uno
975 541 1034 596 solo
1052 541 1135 596 modo

208 669 209 672 η
229 624 329 698 exponi
344 642 427 696 posse
442 625 537 682 video:
563 625 704 680 constitnit
722 625 853 679 terminos
866 627 1039 697 populorum
1057 627 1136 681 iuno

229 729 372 768 omncs-nm
389 711 519 781 filiorum
537 710 647 774 Israel,
674 708 778 780 idest,
804 710 870 780 quia
891 712 975 780 (sicut
990 727 1076 784 snpra
1095 711 1135 766 di-

231 803 307 854 ctum
326 799 378 864 est)
397 795 504 851 tamdiu
521 801 602 852 erunt
620 795 716 866 populi
735 794 765 849 in
781 793 835 850 hoc
848 798 968 867 saeculo,
985 799 1075 854 donec
1085 815 1135 852 nu-

181 880 322 952 54,merus
345 887 503 938 sanctorum
525 879 667 934 hominum
690 887 854 937 assumatur.
888 882 927 936 Et
945 882 1085 957 colligitur
1102 900 1136 940 ex

210 975 349 1038 ⁴utreque
365 965 560 1032 translatione,
586 964 652 1036 quia
669 970 712 1021 tot
731 966 857 1026 homines
875 974 1050 1026 assumentur
1069 976 1137 1041 quot

106 1048 109 1052 ’
209 1057 421 1108 ‘remanserunt
436 1049 537 1122 augeli.
572 1049 657 1106 Unde
679 1056 773 1108 tamen
797 1070 854 1108 non
877 1053 1016 1124 sequitur,
1041 1073 1137 1128 quam·

210 1136 273 1191 ·vis
297 1136 401 1207 perditi
423 1134 518 1208 augeli
544 1151 577 1202 ep
600 1128 759 1194 hominibus
785 1137 960 1194 restaurandi
985 1143 1062 1210 sunt,
1095 1145 1137 1196 tot

182 1222 214 1273 55
231 1223 345 1294 angelos
375 1221 511 1281 cecidisse
541 1226 608 1294 quot
636 1227 891 1292 perseveraverunt.
932 1221 1012 1296 Quod
1043 1230 1138 1280 tamen
1154 1219 1175 1246 ”

231 1309 255 1362 si
285 1306 413 1378 dicitru,
427 1307 624 1364 inveniendum
652 1307 717 1377 erit,
744 1309 881 1380 quomodo
903 1314 981 1378 ratae
1004 1325 1060 1363 non
1083 1309 1139 1365 sint

232 1409 316 1464 supra
341 1393 452 1464 positae
478 1393 615 1464 rationes,
649 1408 722 1464 quae
751 1391 880 1448 videntur
905 1393 1051 1448 ostendere
1081 1411 1139 1450 non

231 1479 318 1536 tuisse
339 1480 370 1536 in
394 1479 513 1554 angelis,
537 1480 614 1551 prius
636 1495 721 1550 quam
738 1477 848 1553 illorum
867 1479 980 1550 qnidam
999 1479 1139 1550 caderent,

232 1565 312 1622 illum
337 1565 491 1637 perfectum
516 1582 661 1621 numerum
684 1581 767 1638 quem
791 1580 875 1635 supra
899 1564 970 1634 dixi,
996 1569 1025 1620 et
1043 1562 1139 1634 plures

183 1658 215 1708 56
232 1649 356 1707 homines
369 1649 470 1706 electos
481 1649 590 1706 futuros
604 1666 688 1722 qnam
700 1648 757 1702 siut
768 1647 836 1702 meli
850 1649 951 1720 angeli,
984 1652 1055 1704 Boo.
1074 1649 1139 1705 Non

233 1751 277 1790 mc
295 1734 420 1806 poenitet
437 1734 504 1806 quia
525 1735 606 1808 coegi
626 1741 669 1811 te,
694 1739 726 1788 ut
746 1733 782 1787 de
802 1733 909 1805 angelis
929 1733 998 1788 haec
1017 1732 1139 1801 diceres,
1184 1779 1185 1782 ,

232 1836 299 1876 nam
325 1835 381 1874 non
406 1818 511 1876 frustra
537 1820 643 1876 factum
674 1825 724 1876 est
758 1819 841 1876 Nunc
865 1817 926 1874 redi
950 1817 1040 1872 adid
1063 1820 1140 1875 unde

234 1905 353 1977 digressi
369 1919 473 1960 sumus.
585 1901 586 1904 ’

202 2155 214 2208 1
317 2125 387 2214 ii,
429 2160 500 2218 Ana.
522 2159 639 2216 Constat
649 2158 742 2215 Deum
754 2158 939 2230 proposuisse,
957 2167 990 2214 nt
1004 2160 1040 2215 de
1055 2161 1141 2216 homi-

234 2243 317 2302 nibus
338 2245 455 2318 angdos
473 2246 522 2320 qui
542 2247 701 2302 ceciderant
719 2249 896 2300 restauraret.
931 2246 999 2303 Boe.
1027 2245 1140 2302 Certum

200 2337 286 2392 test
321 2333 391 2388 Ans.
407 2332 491 2388 Tales
519 2348 586 2402 ergo
611 2334 720 2400 oportet
739 2345 800 2384 esse
816 2328 940 2388 homines
960 2331 990 2386 in
1006 2331 1057 2387 iila
1075 2331 1141 2387 civi-

163 2425 174 2454 ¹'
234 2422 293 2474 tate
310 2432 432 2488 superna
450 2415 498 2488 qui
516 2431 567 2486 pro
586 2413 693 2485 angelis
714 2413 745 2468 in
767 2414 844 2470 illam
863 2423 1050 2487 assumentur,
1074 2434 1142 2490 qua-

234 2501 275 2557 les
295 2502 337 2556 illi
360 2501 448 2556 futuri
473 2500 513 2556 ibi
541 2505 633 2570 erant,
658 2517 709 2570 pro
733 2500 838 2572 quibus·
855 2500 959 2565 ibidem
982 2509 1064 2558 erunt
1079 2503 1097 2558 i.
1118 2520 1141 2560 e.

235 2586 333 2658 quales
359 2604 435 2643 nunc
458 2590 523 2642 sunt
545 2585 613 2642 boni
638 2585 746 2658 angeli;
769 2586 893 2658 alioquin
916 2604 973 2642 non
997 2592 1079 2642 erunt
1100 2605 1142 2643 rc-

236 2671 352 2728 staurati
372 2672 421 2744 qui
439 2670 611 2741 ceciderunt,
633 2678 660 2728 et
677 2677 821 2744 sequetur,
840 2671 907 2744 quia
923 2671 1000 2726 Deus
1019 2677 1142 2728 autnon

235 2757 340 2828 poterit
368 2757 502 2829 perficere
530 2756 633 2814 bouum
664 2758 740 2831 quod
760 2757 878 2830 incepit,
913 2761 962 2810 aut
988 2757 1144 2826 poenitebit

237 2859 300 2900 eum
322 2849 433 2898 tautum
456 2842 561 2899 bonum
585 2843 737 2916 incepisse;
762 2859 835 2916 quae
856 2842 912 2897 duo
928 2840 1052 2898 absurde
1068 2847 1142 2899 sunt

204 2927 219 2980 3
237 2931 306 2984 Boc.
333 2927 408 2984 Vere
425 2934 535 2999 oportet
548 2935 580 2985 ut
597 2930 728 3002 aequales
744 2930 801 2984 sint
817 2926 942 2984 homines
959 2926 1039 3002 bonis
1057 2944 1143 3000 suge-

236 3013 280 3068 lis
322 3012 393 3070 Am.
427 3013 500 3070 Boni
527 3015 621 3086 angeli
647 3029 807 3087 unquamne
833 3012 1038 3083 peecaverunt?
1073 3015 1143 3068 Bos.

204 3101 221 3153 4
237 3099 308 3156 Non.
344 3100 413 3155 Ans.
431 3099 551 3156 Potesne
572 3101 712 3172 cogitare,
732 3099 808 3170 quod
823 3097 906 3152 homo
926 3096 975 3167 qui
992 3096 1143 3169 aliquando

236 3185 365 3254 peccavit
392 3202 445 3242 nec
474 3201 598 3261 unquam
620 3185 683 3240 Deo
712 3202 763 3256 pro
785 3188 911 3257 peccato
925 3199 976 3237 suo
1000 3182 1144 3252 sansfecit,

236 3269 288 3324 sed
303 3276 413 3338 tantum
430 3270 583 3345 impunitus
604 3269 760 3338 dimittitur,
780 3268 905 3340 aequalis
922 3268 959 3324 sit
975 3269 1076 3341 angelo
1094 3265 1163 3339 qui‘

204 3360 377 3426 tnunquam
395 3357 543 3428 peccavit?
577 3358 644 3410 Boe.
680 3353 776 3410 Verba
793 3354 847 3408 ista
865 3353 988 3424 cogitare
1006 3361 1035 3410 et
1051 3353 1144 3408 dicere
