2628 3810
214 265 257 330 413
395 261 423 318 S.
442 261 613 319 ANSELMI
630 255 937 320 CANTUARIENSIS

159 459 176 487 J
214 434 285 502 Deo,
311 431 449 504 quidquid
475 431 510 487 de
537 430 659 486 humana
683 437 784 486 natura
807 432 900 488 facere
918 432 1123 502 proposuerat?

180 519 284 574 4Boe.
318 518 383 575 Non
408 525 501 590 potest
524 518 631 591 negari
666 519 734 572 Ace.
769 517 888 574 Intende
911 518 941 572 in
969 516 1124 596 districtum
1234 573 1236 576 .

168 672 188 680 ,
215 603 363 678 iustitium
393 610 421 658 et
446 603 541 660 iudice
562 603 714 658 secundum
740 602 830 672 illam,
856 609 949 658 utrum
967 602 1003 656 ad
1022 619 1123 674 aequa·

215 690 323 744 litatem
346 690 456 759 peccati
466 691 487 762 ¹)
511 691 593 745 homo
620 688 775 744 satisfaciat
798 689 874 758 Deo,
903 688 956 742 nisi
974 687 1123 759 idipsum,

216 775 292 846 quod
309 774 496 845 permittendo
518 791 548 828 re
570 773 645 826 vinci
665 790 683 828 a
700 774 812 829 diabolo
831 775 893 830 Deo
910 773 1042 843 abstulit,
1066 773 1123 828 dia·

215 861 312 917 bolum
337 859 474 915 vincendo
499 858 642 925 restituat,
677 862 709 912 ut
739 859 972 929 quemadmodum
997 877 1048 931 per
1071 859 1125 915 hoc

217 945 292 1016 quod
311 945 401 999 victus
420 949 463 998 eet
479 942 573 1012 rapuit
591 940 719 996 diabolus
739 945 814 1014 quod
831 943 886 999 Dei
904 950 977 1013 erat,
1000 952 1029 1001 et
1046 944 1124 1001 Deus

216 1028 353 1099 perdidit,
382 1030 422 1083 ita
443 1045 495 1099 per
512 1028 564 1082 hoc
594 1026 669 1101 quod
696 1027 790 1083 vincat
814 1029 915 1100 perdat
931 1030 1073 1100 diabolus,
1098 1049 1128 1087 ec

217 1114 295 1168 Deus
315 1121 467 1184 recuperet
497 1116 567 1167 Bor.
585 1112 629 1169 Ne
668 1113 818 1168 districtius
835 1132 888 1170 nec
907 1114 1007 1170 iustius
1019 1117 1126 1189 aliquid

185 1204 311 1271 tpoteet
331 1199 457 1271 cogitari
491 1201 561 1254 Aac.
595 1199 720 1255 Putasne
742 1217 878 1256 summam
903 1201 1037 1256 iustitiam
1054 1201 1127 1258 hanc

218 1283 351 1340 iustitiam
381 1303 462 1356 posse
498 1285 623 1341 violare?
675 1287 745 1342 Boe.
780 1285 844 1342 Non
876 1287 966 1342 audeo
994 1287 1126 1358 cogitare.

185 1373 289 1426 enm.
320 1372 487 1429 Nullatenue
505 1388 572 1444 ergo
597 1372 683 1427 debet
706 1379 756 1428 aut
781 1379 874 1443 potest
897 1371 1024 1443 accipere
1045 1371 1127 1428 homo

219 1475 237 1514 a
259 1457 322 1513 Deo
349 1459 426 1530 quod
451 1457 529 1514 Deua
556 1459 598 1513 ilii
624 1459 691 1514 dare
716 1458 877 1529 proposuit,
903 1458 929 1513 ei
954 1475 1010 1512 non
1035 1457 1128 1514 reddit

219 1543 281 1600 Deo
303 1550 393 1600 totum
417 1545 493 1616 quod
517 1544 559 1599 illi
581 1544 710 1614 abstulit3
736 1548 769 1598 ut
794 1544 867 1600 sicut
884 1561 935 1615 per
951 1543 1030 1596 illum
1048 1542 1126 1596 Deus

187 1630 356 1701 ipcrdidit,
392 1630 432 1685 ita
461 1646 511 1701 per
542 1629 621 1684 illum
650 1629 728 1684 Deus
756 1635 909 1701 recuperet
961 1626 1042 1693 Quod
1071 1645 1127 1683 non

220 1715 301 1771 aliter
318 1715 378 1770 fieri
393 1715 481 1786 valet,
508 1714 562 1768 nisi
581 1720 613 1769 ut
631 1715 864 1786 quemadmodum
879 1730 931 1784 per
947 1713 1052 1768 victum
1068 1718 1129 1768 tota

220 1801 342 1856 humana
368 1806 469 1855 natura
497 1804 629 1870 corrupta
654 1804 683 1855 et
708 1791 792 1868 queri
815 1799 981 1854 fermentata
998 1805 1041 1854 eet
1063 1813 1128 1870 pcc-

220 1892 300 1954 caw,
326 1903 390 1939 cum
416 1902 471 1957 quo
498 1884 605 1939 nullum
629 1883 707 1939 Deus
736 1883 852 1938 assumit
875 1885 913 1939 ed
931 1883 1129 1955 perficiendam

220 1971 299 2026 illum
322 1969 464 2025 civitatem
484 1969 647 2040 coelestem
673 1968 714 2024 ita
737 1985 788 2038 per
804 1968 960 2025 vincentem
979 1969 1129 2025 iustificer-

220 2065 267 2113 tur
283 2073 301 2111 a
317 2062 433 2127 peccato
458 2061 501 2112 tot
525 2055 665 2124 homines,
691 2061 759 2126 quot
788 2053 867 2108 illum
889 2071 1035 2111 numerum
1056 2072 1129 2111 com-

221 2142 325 2213 pleturi
350 2147 443 2213 erant,
469 2141 507 2196 cd
533 2159 617 2213 quem
640 2141 836 2211 complendum
857 2139 948 2196 factm
974 2147 1017 2197 eet
1038 2141 1129 2195 homo.

222 2228 279 2286 Sed
294 2229 348 2284 hoo
374 2228 468 2284 facere
494 2228 654 2283 nullatenus
676 2231 768 2297 potest
791 2226 873 2282 homo
896 2232 1041 2298 peccator,
1064 2225 1131 2298 quia

190 2319 354 2385 8peccator
380 2320 555 2385 peccatorem
581 2310 733 2366 iustificare
755 2311 860 2384 nequit
899 2317 969 2369 Bor.
999 2312 1037 2369 Et
1062 2309 1131 2366 nihil

223 2399 323 2454 iuetiue
341 2403 370 2454 et
386 2398 455 2453 nihil
472 2396 688 2471 impossibiliue3
715 2396 766 2452 eod
790 2414 824 2453 cx
848 2397 891 2454 hie
909 2398 1038 2455 omnibus
1055 2395 1131 2450 vido·

223 2490 270 2539 tur
292 2483 481 2541 misericordia
504 2480 559 2536 Dei
583 2486 612 2535 et
637 2497 701 2552 spes
723 2481 841 2538 hominio
864 2484 969 2555 perire,
996 2485 1132 2554 quantum

223 2569 261 2624 ad
289 2568 493 2627 beatitudinem
524 2570 646 2638 spectat,
678 2567 715 2622 ad
747 2585 831 2639 quam
856 2569 949 2625 factus
974 2571 1018 2623 est
1040 2564 1131 2620 homo.

224 2655 294 2710 Am.
311 2653 453 2724 Exspecta
471 2653 563 2709 adhuc
580 2667 689 2724 parum.
713 2656 783 2710 Boe.
802 2655 877 2720 Quid
893 2654 979 2709 habeo
992 2647 1132 2720 amplius?

193 2818 206 2870 1
302 2789 373 2876 24·
424 2823 495 2877 Am.
532 2821 563 2878 si
581 2820 663 2878 homo
684 2822 787 2879 dicitur
802 2824 935 2892 iniustum,
961 2820 1010 2893 qui
1026 2818 1133 2877 homini

114 2961 130 2978 f
227 2925 285 2964 non
306 2903 400 2964 reddit
422 2906 499 2978 quod
522 2905 617 2976 debet,
643 2909 730 2964 multo
752 2908 842 2980 magis
868 2907 986 2961 iniustus
1005 2912 1058 2977 eet,
1084 2905 1133 2979 qui

192 2990 289 3050 ²Deo
316 2991 392 3066 quod
421 2991 505 3048 debet
528 3008 585 3048 non
609 2992 708 3049 reddit
743 2995 813 3048 Bor.
847 2990 878 3048 si
904 2996 998 3062 poteet
1022 2995 1051 3048 et
1066 2992 1133 3063 :non

300 3181 326 3248 1)
345 3179 403 3237 cfr.
415 3196 439 3236 c.
458 3185 500 3248 20,
522 3185 550 3235 1:
568 3178 737 3248 „secundum
754 3195 912 3233 menarum
923 3179 1038 3247 peccati
1053 3194 1133 3249 opor-

227 3251 270 3304 tet
281 3248 350 3303 satir
361 3248 510 3304 factionem
521 3247 606 3304 ecee“
618 3263 642 3300 c.
652 3252 695 3317 21,
706 3251 752 3301 1³:
770 3246 939 3317 „secundum
950 3249 1133 3319 quantimtem

227 3315 315 3390 exigit
332 3316 411 3374 Dour
427 3315 676 3384 comtemneret·
702 3375 706 3379 ,
