2628 3810
241 269 285 342 50
423 271 641 334 MNSEIMI
661 275 969 337 csuwsulnuffls

207 444 459 504 Misericordiam
475 446 569 502 faeere
586 463 644 502 uon
660 445 763 517 posse?
797 447 868 503 Ans.
891 446 955 503 Hoo
975 445 1061 504 debes
1078 461 1154 502 nune

241 533 278 590 sb
296 532 352 588 illis
373 534 491 607 exigere,
510 533 572 604 (qui
584 531 727 588 Christum
743 547 801 588 non
818 549 879 589 esse
897 532 1016 588 nedum
1026 547 1152 588 neeesse«

240 619 314 674 rium
341 619 379 676 sd
400 619 478 674 illum
500 619 621 674 salutem
644 616 772 685 hominis)
797 635 915 690 quorum
937 617 1001 674 vies
1022 617 1153 689 loqueris,

242 711 275 760 nt
304 704 413 775 disent,
443 703 564 777 quuliter
593 704 676 759 homo
707 703 809 758 sulvuri
832 705 892 762 sine
918 702 1028 759 christo
1057 703 1153 774 possit

207 792 223 844 3
241 789 324 856 Quod
347 790 372 844 si
395 806 451 846 non
474 794 592 860 possunt
613 789 672 844 ullo
694 789 791 859 modo,
818 789 948 844 desinent
970 805 1021 844 nos
1038 788 1153 846 irridere

241 881 270 930 et
286 875 422 930 eooedsnt
436 880 465 930 et
482 873 601 944 iungunt
617 889 648 930 se
665 870 760 942 nohis,
788 872 837 943 qui
853 889 910 928 nou
926 873 1087 930 dubitamus
1103 874 1153 932 ho

241 960 345 1016 minem
373 957 477 1015 seheri
499 971 582 1027 posse
602 973 654 1027 per
676 955 833 1028 Christum
859 963 909 1012 snt
929 959 1078 1031 desperent
1101 960 1154 1018 hoo

206 1044 298 1098 tullo
317 1044 400 1098 modo
424 1058 507 1114 posse
528 1040 597 1097 fieri.
634 1041 715 1108 Quod
734 1044 759 1100 si
775 1043 901 1113 horrent,
929 1045 1044 1100 eredunt
1061 1045 1153 1102 uobis·

240 1145 305 1184 oum
322 1128 352 1183 in
369 1127 524 1197 Christum,
550 1133 583 1183 ut
601 1129 710 1199 possint
728 1129 839 1186 salvari.
874 1132 945 1185 Bos.
975 1129 1003 1183 A
1022 1136 1051 1186 te
1069 1147 1153 1203 quus·

239 1231 308 1282 rem,
326 1213 401 1268 siout
417 1213 521 1284 inospi
540 1219 574 1269 ut
591 1215 722 1270 ostendes
740 1215 818 1285 mihi,
879 1214 1020 1270 erutione
1031 1215 1154 1272 salvetur

207 1299 320 1354 themo
343 1316 395 1370 per
416 1297 566 1355 Christum.
601 1302 671 1357 Ans.
699 1301 799 1358 Nonne
822 1300 993 1356 sufficienter
1017 1301 1153 1371 probetur

239 1402 291 1455 per
306 1383 448 1440 Christum
464 1386 604 1442 hominem
622 1400 705 1457 posse
728 1386 844 1456 salvari,
868 1402 932 1442 oum
950 1385 1034 1442 etism
1053 1385 1151 1442 infide·

239 1470 280 1526 les
299 1488 356 1526 non
381 1479 486 1542 negent
510 1472 651 1530 hominem
674 1472 732 1528 ullo
755 1472 838 1528 modo
857 1489 939 1543 posse
954 1471 1014 1528 fieri
1032 1472 1153 1543 beatum,

240 1562 268 1612 et
294 1556 362 1613 sutis
388 1564 529 1614 ostensum
556 1557 605 1626 sit,
637 1559 704 1630 quis
732 1559 757 1613 si
779 1559 906 1631 ponimus
930 1556 1070 1614 Christum
1095 1573 1153 1616 nou

206 1645 315 1712 hesse,
346 1643 423 1699 nullo
448 1643 531 1698 modo
556 1649 650 1714 potest
674 1643 792 1700 inveniri
820 1645 896 1699 sudus
919 1643 1057 1700 hominis?
1092 1643 1153 1700 Aut

239 1728 313 1782 enim
344 1743 396 1799 per
420 1727 561 1784 Christum
595 1735 646 1784 sut
673 1729 730 1786 elio
760 1729 855 1802 ulique
883 1735 933 1786 sut
963 1727 1041 1784 nullo
1069 1727 1152 1785 modo

238 1813 341 1884 poterit
370 1813 455 1870 homo
483 1814 578 1869 salvus
611 1830 687 1885 esse3
716 1822 888 1886 quapropter
918 1813 942 1868 si
970 1813 1074 1870 falsum
1100 1821 1152 1886 est,

239 1899 306 1969 quin
331 1897 409 1954 nullo
434 1905 485 1954 sut
508 1899 603 1970 sliquo
628 1899 684 1954 elio
705 1899 790 1952 modo
815 1904 908 1968 potest
928 1901 982 1956 hoo
1005 1919 1078 1966 esse.
1104 1919 1150 1960 no

205 1990 316 2039 'deesse
348 1989 391 2039 est
419 1983 481 2040 fleri
509 2001 560 2056 per
590 1984 740 2041 Christum.
795 1985 863 2040 Bos.
904 1985 934 2042 si
963 1987 1025 2058 quis
1053 1989 1151 2045 videns

238 2067 374 2123 rationem
392 2069 460 2140 quin
479 2069 534 2125 elio
551 2071 635 2127 modo
654 2087 710 2125 non
734 2075 920 2140 potestesse,
947 2076 977 2126 et
997 2088 1054 2127 non
1071 2073 1151 2130 intel·

238 2153 331 2225 ligens
353 2171 410 2226 qus
432 2157 540 2213 ustione
563 2172 614 2228 per
638 2156 779 2212 Christum
803 2171 863 2210 esse
890 2156 994 2227 valeat,
1027 2174 1150 2214 asserere

237 2238 317 2308 velit,
341 2240 409 2312 quis
433 2257 485 2298 nee
510 2260 561 2315 per
580 2241 721 2298 christum
745 2257 798 2294 neo
817 2239 877 2294 ullo
893 2242 976 2297 modo
996 2249 1081 2316 quest
1097 2243 1149 2298 hoe

204 2321 314 2380 flesse:
346 2325 415 2396 quid
443 2326 510 2383 huie
536 2325 786 2399 respondebimus?
835 2327 905 2382 Ans.
935 2327 1009 2392 Quid
1037 2345 1149 2400 respou-

238 2408 362 2463 dendum
393 2417 435 2466 est
456 2412 520 2482 illi,
549 2413 597 2485 qni
627 2413 732 2469 ideireo
761 2412 860 2468 uruit
891 2430 951 2470 esse
978 2413 1150 2485 impossibile

236 2493 313 2564 quod
330 2509 443 2551 neeesse
461 2503 595 2568 estesse,
614 2497 681 2570 quin
697 2497 801 2567 nestit,
827 2499 966 2570 quomodo
984 2498 1042 2554 sit?
1076 2501 1148 2556 Bos.

235 2577 311 2642 Quis
327 2579 459 2650 insipiens
477 2588 528 2638 est
564 2585 634 2640 Aue.
659 2583 900 2639 Contemneudum
921 2592 965 2640 est
986 2599 1053 2654 ergo
1071 2584 1148 2652 qnod

236 2662 312 2718 dieit
347 2665 419 2720 Bos.
453 2665 559 2722 Verum
588 2674 646 2738 est3
672 2669 721 2724 sed
744 2669 797 2724 hoe
822 2668 914 2740 ipsum
936 2667 978 2722 illi
1001 2666 1147 2724 ostenden-

203 2744 218 2796 9
235 2747 304 2802 dum
320 2754 376 2819 est,
401 2767 458 2822 qus
481 2753 588 2809 ratione
613 2753 650 2810 sit
670 2754 746 2826 quod
764 2761 846 2826 putet
862 2752 1042 2826 impossibile
1076 2754 1147 2809 Ans.

235 2832 283 2888 An
301 2850 358 2889 non
374 2835 508 2910 intelligis
527 2856 561 2894 ex
581 2838 625 2894 his
650 2856 721 2912 quse
746 2858 832 2912 suprs
855 2839 988 2908 diximus,
1011 2839 1078 2910 quis
1098 2854 1146 2894 ne-

226 2935 312 2992 eesse
338 2926 381 2977 est
404 2921 514 2994 aliquos
538 2923 663 2982 homines
689 2926 726 2982 sd
752 2923 954 2980 beatitudinem
979 2923 1147 2993 pervenire?

234 3007 308 3064 Num
325 3008 350 3064 si
369 3008 430 3064 Deo
454 3013 498 3063 est
520 2997 715 3066 inconieniens
735 3010 874 3068 hominem
893 3026 956 3064 oum
974 3008 1071 3082 ulique
1088 3025 1145 3064 ms·

233 3094 298 3149 suls
314 3094 465 3164 perducere
484 3094 521 3149 ad
539 3093 601 3164 hoo,
620 3096 656 3150 sd
674 3095 753 3168 quod!
765 3095 846 3149 illum
864 3094 924 3148 sine
942 3093 1016 3148 omni
1034 3091 1146 3149 muerslu

232 3178 314 3249 feeit,
345 3197 380 3236 ne
411 3185 461 3236 aut
485 3179 552 3236 boni
576 3179 699 3250 incoepti
727 3181 869 3250 poenitere
900 3184 950 3234 sut
971 3179 1146 3250 propositum

232 3262 348 3334 implere
373 3282 430 3320 non
455 3281 537 3336 posse
560 3264 703 3335 videntum
728 3263 817 3320 multo
842 3265 932 3336 magis
947 3270 1063 3337 propter
1081 3280 1145 3319 euu-

233 3348 296 3406 dem
322 3348 576 3408 inconvenientium
601 3347 772 3421 impossihile
799 3355 841 3404 est
868 3350 977 3410 nudum
1002 3349 1142 3407 hominem
