<?xml version="1.0" encoding="UTF-8"?>
<!DOCTYPE html PUBLIC "-//W3C//DTD XHTML 1.0 Transitional//EN"
    "http://www.w3.org/TR/xhtml1/DTD/xhtml1-transitional.dtd">
<html xmlns="http://www.w3.org/1999/xhtml" xml:lang="en" lang="en">
 <head>
  <title>
</title>
<meta http-equiv="Content-Type" content="text/html;charset=utf-8" />
  <meta name='ocr-system' content='tesseract 3.04.00' />
  <meta name='ocr-capabilities' content='ocr_page ocr_carea ocr_par ocr_line ocrx_word'/>
</head>
<body>
  <div class='ocr_page' id='page_1' title='image "./sanselmicantuar00laemgoog_0070.png"; bbox 0 0 2628 3810; ppageno 0'>
   <div class='ocr_carea' id='block_1_1' title="bbox 370 275 1092 346">
    <p class='ocr_par' dir='ltr' id='par_1_1' title="bbox 370 275 1092 346">
     <span class='ocr_line' id='line_1_1' title="bbox 370 275 1092 346; baseline -0.001 -13"><span class='ocrx_word' id='word_1_1' title='bbox 370 277 449 335; x_wconf 83' lang='lat' dir='ltr'>uun</span> <span class='ocrx_word' id='word_1_2' title='bbox 466 277 568 335; x_wconf 84' lang='lat' dir='ltr'>nnus</span> <span class='ocrx_word' id='word_1_3' title='bbox 587 275 705 333; x_wconf 78' lang='lat' dir='ltr'>nouo.</span> <span class='ocrx_word' id='word_1_4' title='bbox 740 278 763 333; x_wconf 91' lang='lat'>1.</span> <span class='ocrx_word' id='word_1_5' title='bbox 784 281 895 334; x_wconf 83' lang='lat'><strong>21-23.</strong></span> <span class='ocrx_word' id='word_1_6' title='bbox 1047 279 1092 346; x_wconf 84' lang='lat'>45</span> 
     </span>
    </p>
   </div>
   <div class='ocr_carea' id='block_1_2' title="bbox 179 446 1157 2398">
    <p class='ocr_par' dir='ltr' id='par_1_2' title="bbox 179 446 1157 2398">
     <span class='ocr_line' id='line_1_2' title="bbox 184 446 1092 518; baseline 0.002 -16"><span class='ocrx_word' id='word_1_7' title='bbox 184 446 381 516; x_wconf 73' lang='lat' dir='ltr'>consolaretur,</span> <span class='ocrx_word' id='word_1_8' title='bbox 398 447 450 502; x_wconf 90' lang='lat' dir='ltr'>hoo</span> <span class='ocrx_word' id='word_1_9' title='bbox 463 447 551 502; x_wconf 90' lang='lat' dir='ltr'>solum</span> <span class='ocrx_word' id='word_1_10' title='bbox 565 452 678 518; x_wconf 80' lang='lat' dir='ltr'>cogeret</span> <span class='ocrx_word' id='word_1_11' title='bbox 688 464 733 503; x_wconf 91' lang='lat' dir='ltr'>me</span> <span class='ocrx_word' id='word_1_12' title='bbox 746 448 900 518; x_wconf 85' lang='lat' dir='ltr'>desperare.</span> <span class='ocrx_word' id='word_1_13' title='bbox 928 448 998 502; x_wconf 76' lang='lat' dir='ltr'>Aac.</span> <span class='ocrx_word' id='word_1_14' title='bbox 1014 447 1092 504; x_wconf 85' lang='lat' dir='ltr'>Audi</span> 
     </span>
     <span class='ocr_line' id='line_1_3' title="bbox 183 533 1125 605; baseline -0.001 -16"><span class='ocrx_word' id='word_1_15' title='bbox 183 538 285 589; x_wconf 87' lang='lat' dir='ltr'>tamen</span> <span class='ocrx_word' id='word_1_16' title='bbox 321 534 390 586; x_wconf 83' lang='lat' dir='ltr'>Bos.</span> <span class='ocrx_word' id='word_1_17' title='bbox 406 533 469 587; x_wconf 89' lang='lat' dir='ltr'>Die.</span> <span class='ocrx_word' id='word_1_18' title='bbox 504 534 573 587; x_wconf 73' lang='lat' dir='ltr'>Am.</span> <span class='ocrx_word' id='word_1_19' title='bbox 591 533 683 588; x_wconf 87' lang='lat' dir='ltr'><strong>Homo</strong></span> <span class='ocrx_word' id='word_1_20' title='bbox 701 534 731 588; x_wconf 92' lang='lat' dir='ltr'>in</span> <span class='ocrx_word' id='word_1_21' title='bbox 750 533 881 603; x_wconf 82' lang='lat' dir='ltr'>paradiso</span> <span class='ocrx_word' id='word_1_22' title='bbox 899 533 959 589; x_wconf 90' lang='lat' dir='ltr'>aine</span> <span class='ocrx_word' id='word_1_23' title='bbox 977 537 1125 605; x_wconf 71' lang='lat' dir='ltr'>peecatol</span> 
     </span>
     <span class='ocr_line' id='line_1_4' title="bbox 183 615 1092 690; baseline 0.003 -19"><span class='ocrx_word' id='word_1_24' title='bbox 183 615 275 673; x_wconf 82' lang='lat' dir='ltr'>faetus</span> <span class='ocrx_word' id='word_1_25' title='bbox 299 619 379 689; x_wconf 86' lang='lat' dir='ltr'>quasi</span> <span class='ocrx_word' id='word_1_26' title='bbox 400 619 507 689; x_wconf 90' lang='lat' dir='ltr'>positus</span> <span class='ocrx_word' id='word_1_27' title='bbox 533 624 576 673; x_wconf 90' lang='lat' dir='ltr'>est</span> <span class='ocrx_word' id='word_1_28' title='bbox 594 636 646 690; x_wconf 89' lang='lat' dir='ltr'>pro</span> <span class='ocrx_word' id='word_1_29' title='bbox 662 619 724 675; x_wconf 88' lang='lat' dir='ltr'>Deo</span> <span class='ocrx_word' id='word_1_30' title='bbox 749 619 822 674; x_wconf 88' lang='lat' dir='ltr'>inter</span> <span class='ocrx_word' id='word_1_31' title='bbox 838 620 930 674; x_wconf 91' lang='lat' dir='ltr'>Deum</span> <span class='ocrx_word' id='word_1_32' title='bbox 950 625 978 674; x_wconf 87' lang='lat' dir='ltr'>et</span> <span class='ocrx_word' id='word_1_33' title='bbox 996 619 1092 674; x_wconf 85' lang='lat' dir='ltr'>diabo-</span> 
     </span>
     <span class='ocr_line' id='line_1_5' title="bbox 183 702 1092 772; baseline 0.002 -15"><span class='ocrx_word' id='word_1_34' title='bbox 183 702 255 772; x_wconf 88' lang='lat' dir='ltr'>lum,</span> <span class='ocrx_word' id='word_1_35' title='bbox 283 708 316 757; x_wconf 90' lang='lat' dir='ltr'>ut</span> <span class='ocrx_word' id='word_1_36' title='bbox 342 704 466 760; x_wconf 65' lang='lat' dir='ltr'>vincerm</span> <span class='ocrx_word' id='word_1_37' title='bbox 494 705 636 761; x_wconf 87' lang='lat' dir='ltr'>diabolum</span> <span class='ocrx_word' id='word_1_38' title='bbox 660 723 717 760; x_wconf 92' lang='lat' dir='ltr'>non</span> <span class='ocrx_word' id='word_1_39' title='bbox 742 705 938 760; x_wconf 83' lang='lat' dir='ltr'>consentiendo</span> <span class='ocrx_word' id='word_1_40' title='bbox 963 705 1092 760; x_wconf 76' lang='lat' dir='ltr'><strong>suadenti</strong></span> 
     </span>
     <span class='ocr_line' id='line_1_6' title="bbox 183 790 1092 860; baseline 0.004 -18"><span class='ocrx_word' id='word_1_41' title='bbox 183 795 344 860; x_wconf 86' lang='lat' dir='ltr'>peccatum,</span> <span class='ocrx_word' id='word_1_42' title='bbox 368 790 405 845; x_wconf 89' lang='lat' dir='ltr'>sd</span> <span class='ocrx_word' id='word_1_43' title='bbox 430 790 635 846; x_wconf 87' lang='lat' dir='ltr'>excusationem</span> <span class='ocrx_word' id='word_1_44' title='bbox 657 795 685 845; x_wconf 93' lang='lat' dir='ltr'>et</span> <span class='ocrx_word' id='word_1_45' title='bbox 702 790 833 845; x_wconf 89' lang='lat' dir='ltr'>honorem</span> <span class='ocrx_word' id='word_1_46' title='bbox 851 792 906 847; x_wconf 92' lang='lat' dir='ltr'>Dei</span> <span class='ocrx_word' id='word_1_47' title='bbox 927 798 955 847; x_wconf 88' lang='lat' dir='ltr'>et</span> <span class='ocrx_word' id='word_1_48' title='bbox 972 792 1009 846; x_wconf 89' lang='lat' dir='ltr'>ad</span> <span class='ocrx_word' id='word_1_49' title='bbox 1026 809 1092 846; x_wconf 87' lang='lat' dir='ltr'>con-</span> 
     </span>
     <span class='ocr_line' id='line_1_7' title="bbox 183 861 1092 948; baseline 0.007 -20"><span class='ocrx_word' id='word_1_50' title='bbox 183 873 320 930; x_wconf 85' lang='lat' dir='ltr'>fusionem</span> <span class='ocrx_word' id='word_1_51' title='bbox 344 861 464 945; x_wconf 78' lang='lat' dir='ltr'>disboh,&#39;</span> <span class='ocrx_word' id='word_1_52' title='bbox 488 893 551 931; x_wconf 86' lang='lat' dir='ltr'>cum</span> <span class='ocrx_word' id='word_1_53' title='bbox 576 877 624 932; x_wconf 87' lang='lat' dir='ltr'>ille</span> <span class='ocrx_word' id='word_1_54' title='bbox 646 875 780 931; x_wconf 89' lang='lat' dir='ltr'>infirmior</span> <span class='ocrx_word' id='word_1_55' title='bbox 803 875 833 930; x_wconf 93' lang='lat' dir='ltr'>in</span> <span class='ocrx_word' id='word_1_56' title='bbox 857 883 932 931; x_wconf 85' lang='lat' dir='ltr'>terra</span> <span class='ocrx_word' id='word_1_57' title='bbox 952 894 1008 931; x_wconf 91' lang='lat' dir='ltr'>non</span> <span class='ocrx_word' id='word_1_58' title='bbox 1026 895 1092 948; x_wconf 89' lang='lat' dir='ltr'>pec-</span> 
     </span>
     <span class='ocr_line' id='line_1_8' title="bbox 184 959 1157 1033; baseline 0.004 -19"><span class='ocrx_word' id='word_1_59' title='bbox 184 965 260 1014; x_wconf 86' lang='lat' dir='ltr'>carat</span> <span class='ocrx_word' id='word_1_60' title='bbox 285 961 382 1016; x_wconf 88' lang='lat' dir='ltr'>eodem</span> <span class='ocrx_word' id='word_1_61' title='bbox 404 962 516 1017; x_wconf 90' lang='lat' dir='ltr'>diabolo</span> <span class='ocrx_word' id='word_1_62' title='bbox 545 963 694 1027; x_wconf 79' lang='lat' dir='ltr'>suadente,</span> <span class='ocrx_word' id='word_1_63' title='bbox 721 962 770 1033; x_wconf 91' lang='lat' dir='ltr'>qui</span> <span class='ocrx_word' id='word_1_64' title='bbox 793 961 890 1016; x_wconf 88' lang='lat' dir='ltr'>fortior</span> <span class='ocrx_word' id='word_1_65' title='bbox 911 963 1039 1032; x_wconf 83' lang='lat' dir='ltr'>peccavit</span> <span class='ocrx_word' id='word_1_66' title='bbox 1062 963 1091 1017; x_wconf 91' lang='lat' dir='ltr'>in</span> <span class='ocrx_word' id='word_1_67' title='bbox 1154 959 1157 964; x_wconf 71' lang='grc'><strong>’</strong></span> 
     </span>
     <span class='ocr_line' id='line_1_9' title="bbox 183 1045 1093 1119; baseline 0.004 -20"><span class='ocrx_word' id='word_1_68' title='bbox 183 1045 260 1100; x_wconf 85' lang='lat' dir='ltr'>coelo</span> <span class='ocrx_word' id='word_1_69' title='bbox 284 1047 361 1102; x_wconf 90' lang='lat' dir='ltr'>nullo</span> <span class='ocrx_word' id='word_1_70' title='bbox 386 1048 536 1116; x_wconf 77' lang='lat' dir='ltr'>suadente3</span> <span class='ocrx_word' id='word_1_71' title='bbox 565 1054 592 1103; x_wconf 89' lang='lat' dir='ltr'>et</span> <span class='ocrx_word' id='word_1_72' title='bbox 618 1064 683 1102; x_wconf 86' lang='lat' dir='ltr'>cum</span> <span class='ocrx_word' id='word_1_73' title='bbox 708 1046 761 1102; x_wconf 89' lang='lat' dir='ltr'>hoe</span> <span class='ocrx_word' id='word_1_74' title='bbox 783 1047 865 1102; x_wconf 92' lang='lat' dir='ltr'>homo</span> <span class='ocrx_word' id='word_1_75' title='bbox 888 1046 970 1103; x_wconf 86' lang='lat' dir='ltr'>facila</span> <span class='ocrx_word' id='word_1_76' title='bbox 996 1053 1093 1119; x_wconf 85' lang='lat' dir='ltr'>posset</span> 
     </span>
     <span class='ocr_line' id='line_1_10' title="bbox 182 1127 1090 1203; baseline 0.007 -20"><span class='ocrx_word' id='word_1_77' title='bbox 182 1127 305 1198; x_wconf 85' lang='lat' dir='ltr'>efficere,</span> <span class='ocrx_word' id='word_1_78' title='bbox 328 1130 407 1186; x_wconf 88' lang='lat' dir='ltr'>nulla</span> <span class='ocrx_word' id='word_1_79' title='bbox 428 1134 458 1187; x_wconf 81' lang='lat' dir='ltr'>ri</span> <span class='ocrx_word' id='word_1_80' title='bbox 482 1140 596 1188; x_wconf 87' lang='lat' dir='ltr'>coaetus</span> <span class='ocrx_word' id='word_1_81' title='bbox 620 1133 680 1188; x_wconf 89' lang='lat' dir='ltr'>sola</span> <span class='ocrx_word' id='word_1_82' title='bbox 702 1132 830 1187; x_wconf 77' lang='lat' dir='ltr'>suasione</span> <span class='ocrx_word' id='word_1_83' title='bbox 849 1140 949 1203; x_wconf 87' lang='lat' dir='ltr'>sponte</span> <span class='ocrx_word' id='word_1_84' title='bbox 969 1151 999 1188; x_wconf 90' lang='lat' dir='ltr'>se</span> <span class='ocrx_word' id='word_1_85' title='bbox 1016 1134 1090 1189; x_wconf 88' lang='lat' dir='ltr'>vinei</span> 
     </span>
     <span class='ocr_line' id='line_1_11' title="bbox 181 1215 1092 1284; baseline 0.002 -12"><span class='ocrx_word' id='word_1_86' title='bbox 181 1215 307 1284; x_wconf 79' lang='lat' dir='ltr'>permisit</span> <span class='ocrx_word' id='word_1_87' title='bbox 331 1216 368 1271; x_wconf 90' lang='lat' dir='ltr'>ad</span> <span class='ocrx_word' id='word_1_88' title='bbox 394 1217 565 1272; x_wconf 88' lang='lat' dir='ltr'>voluntatem</span> <span class='ocrx_word' id='word_1_89' title='bbox 590 1217 694 1273; x_wconf 88' lang='lat' dir='ltr'>diaboli</span> <span class='ocrx_word' id='word_1_90' title='bbox 711 1224 740 1272; x_wconf 90' lang='lat' dir='ltr'>et</span> <span class='ocrx_word' id='word_1_91' title='bbox 759 1223 856 1273; x_wconf 84' lang='lat' dir='ltr'>contra</span> <span class='ocrx_word' id='word_1_92' title='bbox 872 1219 1043 1275; x_wconf 85' lang='lat' dir='ltr'>voluntstem</span> <span class='ocrx_word' id='word_1_93' title='bbox 1063 1225 1092 1274; x_wconf 90' lang='lat' dir='ltr'>et</span> 
     </span>
     <span class='ocr_line' id='line_1_12' title="bbox 181 1298 1124 1376; baseline 0.002 -17"><span class='ocrx_word' id='word_1_94' title='bbox 181 1298 313 1359; x_wconf 82' lang='lat' dir='ltr'>honorem</span> <span class='ocrx_word' id='word_1_95' title='bbox 330 1302 392 1358; x_wconf 90' lang='lat' dir='ltr'>Dei.</span> <span class='ocrx_word' id='word_1_96' title='bbox 427 1306 495 1358; x_wconf 87' lang='lat' dir='ltr'>Bos.</span> <span class='ocrx_word' id='word_1_97' title='bbox 520 1304 567 1357; x_wconf 84' lang='lat' dir='ltr'>Ad</span> <span class='ocrx_word' id='word_1_98' title='bbox 584 1304 653 1376; x_wconf 88' lang='lat' dir='ltr'>quid</span> <span class='ocrx_word' id='word_1_99' title='bbox 670 1304 713 1359; x_wconf 83' lang='lat' dir='ltr'>vis</span> <span class='ocrx_word' id='word_1_100' title='bbox 732 1302 867 1358; x_wconf 80' lang='lat' dir='ltr'>tendere?</span> <span class='ocrx_word' id='word_1_101' title='bbox 903 1305 973 1359; x_wconf 80' lang='lat' dir='ltr'>Ans.</span> <span class='ocrx_word' id='word_1_102' title='bbox 991 1302 1124 1361; x_wconf 85' lang='lat' dir='ltr'>Iudice3</span> 
     </span>
     <span class='ocr_line' id='line_1_13' title="bbox 181 1387 1090 1458; baseline 0.006 -17"><span class='ocrx_word' id='word_1_103' title='bbox 181 1388 308 1458; x_wconf 84' lang='lat' dir='ltr'>tuipse,</span> <span class='ocrx_word' id='word_1_104' title='bbox 333 1388 356 1441; x_wconf 89' lang='lat' dir='ltr'>si</span> <span class='ocrx_word' id='word_1_105' title='bbox 380 1405 437 1443; x_wconf 92' lang='lat' dir='ltr'>non</span> <span class='ocrx_word' id='word_1_106' title='bbox 462 1394 504 1444; x_wconf 92' lang='lat' dir='ltr'>est</span> <span class='ocrx_word' id='word_1_107' title='bbox 529 1395 625 1444; x_wconf 86' lang='lat' dir='ltr'>contra</span> <span class='ocrx_word' id='word_1_108' title='bbox 645 1389 776 1444; x_wconf 81' lang='lat' dir='ltr'>honorem</span> <span class='ocrx_word' id='word_1_109' title='bbox 798 1387 867 1456; x_wconf 88' lang='lat' dir='ltr'>Dei,</span> <span class='ocrx_word' id='word_1_110' title='bbox 893 1395 925 1442; x_wconf 91' lang='lat' dir='ltr'>ut</span> <span class='ocrx_word' id='word_1_111' title='bbox 948 1389 1031 1445; x_wconf 91' lang='lat' dir='ltr'>homo</span> <span class='ocrx_word' id='word_1_112' title='bbox 1047 1407 1090 1446; x_wconf 92' lang='lat' dir='ltr'>re-</span> 
     </span>
     <span class='ocr_line' id='line_1_14' title="bbox 181 1473 1090 1531; baseline 0.003 -4"><span class='ocrx_word' id='word_1_113' title='bbox 181 1473 343 1528; x_wconf 88' lang='lat' dir='ltr'>concilietur</span> <span class='ocrx_word' id='word_1_114' title='bbox 375 1473 417 1527; x_wconf 94' lang='lat' dir='ltr'>illi</span> <span class='ocrx_word' id='word_1_115' title='bbox 450 1489 513 1528; x_wconf 90' lang='lat' dir='ltr'>cum</span> <span class='ocrx_word' id='word_1_116' title='bbox 543 1474 683 1530; x_wconf 86' lang='lat' dir='ltr'>calumnia</span> <span class='ocrx_word' id='word_1_117' title='bbox 708 1473 791 1527; x_wconf 86' lang='lat' dir='ltr'>huius</span> <span class='ocrx_word' id='word_1_118' title='bbox 819 1474 1003 1530; x_wconf 81' lang='lat' dir='ltr'>contumeliae</span> <span class='ocrx_word' id='word_1_119' title='bbox 1027 1476 1090 1531; x_wconf 90' lang='lat' dir='ltr'>Deo</span> 
     </span>
     <span class='ocr_line' id='line_1_15' title="bbox 181 1555 1090 1630; baseline 0.004 -19"><span class='ocrx_word' id='word_1_120' title='bbox 181 1555 335 1630; x_wconf 87' lang='lat' dir='ltr'>irrogatae,</span> <span class='ocrx_word' id='word_1_121' title='bbox 365 1557 420 1612; x_wconf 86' lang='lat' dir='ltr'>nisi</span> <span class='ocrx_word' id='word_1_122' title='bbox 447 1559 525 1629; x_wconf 90' lang='lat' dir='ltr'>prius</span> <span class='ocrx_word' id='word_1_123' title='bbox 554 1558 730 1615; x_wconf 76' lang='lat' dir='ltr'>honoraverit</span> <span class='ocrx_word' id='word_1_124' title='bbox 755 1557 847 1612; x_wconf 88' lang='lat' dir='ltr'>Deum</span> <span class='ocrx_word' id='word_1_125' title='bbox 868 1558 1005 1613; x_wconf 85' lang='lat' dir='ltr'>vincendo</span> <span class='ocrx_word' id='word_1_126' title='bbox 1032 1561 1090 1615; x_wconf 86' lang='lat' dir='ltr'>dia·</span> 
     </span>
     <span class='ocr_line' id='line_1_16' title="bbox 182 1640 1090 1712; baseline 0.003 -15"><span class='ocrx_word' id='word_1_127' title='bbox 182 1640 293 1712; x_wconf 87' lang='lat' dir='ltr'>bolum,</span> <span class='ocrx_word' id='word_1_128' title='bbox 332 1643 405 1699; x_wconf 86' lang='lat' dir='ltr'>sieut</span> <span class='ocrx_word' id='word_1_129' title='bbox 443 1644 618 1700; x_wconf 83' lang='lat' dir='ltr'>inhonoravit</span> <span class='ocrx_word' id='word_1_130' title='bbox 658 1645 738 1698; x_wconf 89' lang='lat' dir='ltr'>illum</span> <span class='ocrx_word' id='word_1_131' title='bbox 781 1643 872 1698; x_wconf 86' lang='lat' dir='ltr'>victus</span> <span class='ocrx_word' id='word_1_132' title='bbox 913 1660 931 1698; x_wconf 87' lang='lat' dir='ltr'>a</span> <span class='ocrx_word' id='word_1_133' title='bbox 971 1644 1090 1700; x_wconf 88' lang='lat' dir='ltr'>diabolo.</span> 
     </span>
     <span class='ocr_line' id='line_1_17' title="bbox 181 1727 1124 1801; baseline 0.001 -16"><span class='ocrx_word' id='word_1_134' title='bbox 181 1727 307 1785; x_wconf 77' lang='lat' dir='ltr'>Victoria</span> <span class='ocrx_word' id='word_1_135' title='bbox 331 1746 397 1784; x_wconf 84' lang='lat' dir='ltr'>vero</span> <span class='ocrx_word' id='word_1_136' title='bbox 419 1731 484 1786; x_wconf 87' lang='lat' dir='ltr'>talis</span> <span class='ocrx_word' id='word_1_137' title='bbox 508 1748 568 1786; x_wconf 89' lang='lat' dir='ltr'>esee</span> <span class='ocrx_word' id='word_1_138' title='bbox 593 1730 693 1800; x_wconf 86' lang='lat' dir='ltr'>debet,</span> <span class='ocrx_word' id='word_1_139' title='bbox 718 1735 750 1785; x_wconf 89' lang='lat' dir='ltr'>ut</span> <span class='ocrx_word' id='word_1_140' title='bbox 773 1730 846 1784; x_wconf 83' lang='lat' dir='ltr'>sicut</span> <span class='ocrx_word' id='word_1_141' title='bbox 862 1728 943 1785; x_wconf 89' lang='lat' dir='ltr'>fortis</span> <span class='ocrx_word' id='word_1_142' title='bbox 959 1746 993 1783; x_wconf 85' lang='lat' dir='ltr'>ac</span> <span class='ocrx_word' id='word_1_143' title='bbox 1010 1729 1124 1801; x_wconf 80' lang='lat' dir='ltr'>pote-4</span> 
     </span>
     <span class='ocr_line' id='line_1_18' title="bbox 181 1814 1088 1887; baseline 0.004 -20"><span class='ocrx_word' id='word_1_144' title='bbox 181 1819 253 1868; x_wconf 88' lang='lat' dir='ltr'>state</span> <span class='ocrx_word' id='word_1_145' title='bbox 279 1815 442 1872; x_wconf 84' lang='lat' dir='ltr'>immortalis</span> <span class='ocrx_word' id='word_1_146' title='bbox 475 1816 614 1873; x_wconf 86' lang='lat' dir='ltr'>consensit</span> <span class='ocrx_word' id='word_1_147' title='bbox 640 1815 724 1870; x_wconf 80' lang='lat' dir='ltr'>focile</span> <span class='ocrx_word' id='word_1_148' title='bbox 753 1814 865 1870; x_wconf 86' lang='lat' dir='ltr'>diabolo</span> <span class='ocrx_word' id='word_1_149' title='bbox 893 1819 927 1868; x_wconf 90' lang='lat' dir='ltr'>ut</span> <span class='ocrx_word' id='word_1_150' title='bbox 950 1821 1088 1887; x_wconf 79' lang='lat' dir='ltr'>peccaret,</span> 
     </span>
     <span class='ocr_line' id='line_1_19' title="bbox 180 1893 1091 1971; baseline 0.004 -17"><span class='ocrx_word' id='word_1_151' title='bbox 180 1898 255 1954; x_wconf 88' lang='lat' dir='ltr'>uude</span> <span class='ocrx_word' id='word_1_152' title='bbox 274 1899 347 1955; x_wconf 86' lang='lat' dir='ltr'>iuste</span> <span class='ocrx_word' id='word_1_153' title='bbox 371 1901 489 1955; x_wconf 81' lang='lat' dir='ltr'>incurrit</span> <span class='ocrx_word' id='word_1_154' title='bbox 510 1917 629 1971; x_wconf 88' lang='lat' dir='ltr'>posnam</span> <span class='ocrx_word' id='word_1_155' title='bbox 646 1900 837 1969; x_wconf 76' lang='lat' dir='ltr'>mortalitatis3</span> <span class='ocrx_word' id='word_1_156' title='bbox 863 1901 903 1956; x_wconf 83' lang='lat' dir='ltr'>its</span> <span class='ocrx_word' id='word_1_157' title='bbox 918 1893 1044 1956; x_wconf 87' lang='lat' dir='ltr'>infirmus</span> <span class='ocrx_word' id='word_1_158' title='bbox 1063 1907 1091 1959; x_wconf 89' lang='lat' dir='ltr'>et</span> 
     </span>
     <span class='ocr_line' id='line_1_20' title="bbox 181 1984 1090 2058; baseline 0.004 -21"><span class='ocrx_word' id='word_1_159' title='bbox 181 1984 318 2055; x_wconf 58' lang='lat' dir='ltr'>moridie,</span> <span class='ocrx_word' id='word_1_160' title='bbox 344 1987 454 2058; x_wconf 88' lang='lat' dir='ltr'>qualem</span> <span class='ocrx_word' id='word_1_161' title='bbox 480 2004 510 2042; x_wconf 92' lang='lat' dir='ltr'>se</span> <span class='ocrx_word' id='word_1_162' title='bbox 525 1985 594 2041; x_wconf 89' lang='lat' dir='ltr'>fecit</span> <span class='ocrx_word' id='word_1_163' title='bbox 611 1986 686 2057; x_wconf 85' lang='lat' dir='ltr'>ipse,</span> <span class='ocrx_word' id='word_1_164' title='bbox 712 2003 763 2058; x_wconf 90' lang='lat' dir='ltr'>per</span> <span class='ocrx_word' id='word_1_165' title='bbox 779 1984 876 2040; x_wconf 90' lang='lat' dir='ltr'>mortis</span> <span class='ocrx_word' id='word_1_166' title='bbox 896 1984 1090 2041; x_wconf 84' lang='lat' dir='ltr'>difficultatem</span> 
     </span>
     <span class='ocr_line' id='line_1_21' title="bbox 180 2067 1090 2142; baseline 0.002 -18"><span class='ocrx_word' id='word_1_167' title='bbox 180 2067 276 2124; x_wconf 60' lang='lat' dir='ltr'>uacat</span> <span class='ocrx_word' id='word_1_168' title='bbox 304 2070 445 2126; x_wconf 89' lang='lat' dir='ltr'>diabolum</span> <span class='ocrx_word' id='word_1_169' title='bbox 472 2077 505 2126; x_wconf 89' lang='lat' dir='ltr'>ut</span> <span class='ocrx_word' id='word_1_170' title='bbox 532 2071 609 2126; x_wconf 90' lang='lat' dir='ltr'>nullo</span> <span class='ocrx_word' id='word_1_171' title='bbox 635 2071 717 2127; x_wconf 90' lang='lat' dir='ltr'>modo</span> <span class='ocrx_word' id='word_1_172' title='bbox 742 2076 856 2142; x_wconf 77' lang='lat' dir='ltr'>peccet3</span> <span class='ocrx_word' id='word_1_173' title='bbox 889 2071 966 2140; x_wconf 89' lang='lat' dir='ltr'>qnod</span> <span class='ocrx_word' id='word_1_174' title='bbox 997 2069 1090 2126; x_wconf 87' lang='lat' dir='ltr'>facere</span> 
     </span>
     <span class='ocr_line' id='line_1_22' title="bbox 180 2154 1088 2228; baseline 0 -21"><span class='ocrx_word' id='word_1_175' title='bbox 180 2170 238 2208; x_wconf 91' lang='lat' dir='ltr'>non</span> <span class='ocrx_word' id='word_1_176' title='bbox 260 2159 366 2224; x_wconf 82' lang='lat' dir='ltr'>potest,</span> <span class='ocrx_word' id='word_1_177' title='bbox 391 2158 526 2228; x_wconf 85' lang='lat' dir='ltr'>quamdiu</span> <span class='ocrx_word' id='word_1_178' title='bbox 547 2175 580 2212; x_wconf 87' lang='lat' dir='ltr'>ex</span> <span class='ocrx_word' id='word_1_179' title='bbox 604 2156 718 2212; x_wconf 81' lang='lat' dir='ltr'>vrrlnere</span> <span class='ocrx_word' id='word_1_180' title='bbox 740 2155 823 2225; x_wconf 86' lang='lat' dir='ltr'>primi</span> <span class='ocrx_word' id='word_1_181' title='bbox 839 2154 949 2223; x_wconf 87' lang='lat' dir='ltr'>peccati</span> <span class='ocrx_word' id='word_1_182' title='bbox 967 2154 1088 2223; x_wconf 90' lang='lat' dir='ltr'>concipi-</span> 
     </span>
     <span class='ocr_line' id='line_1_23' title="bbox 179 2238 1122 2314; baseline -0.004 -20"><span class='ocrx_word' id='word_1_183' title='bbox 179 2244 226 2294; x_wconf 89' lang='lat' dir='ltr'>tur</span> <span class='ocrx_word' id='word_1_184' title='bbox 244 2243 272 2295; x_wconf 90' lang='lat' dir='ltr'>et</span> <span class='ocrx_word' id='word_1_185' title='bbox 291 2239 414 2296; x_wconf 88' lang='lat' dir='ltr'>nascitur</span> <span class='ocrx_word' id='word_1_186' title='bbox 437 2241 466 2297; x_wconf 92' lang='lat' dir='ltr'>in</span> <span class='ocrx_word' id='word_1_187' title='bbox 485 2248 608 2314; x_wconf 90' lang='lat' dir='ltr'>peccato.</span> <span class='ocrx_word' id='word_1_188' title='bbox 644 2244 713 2312; x_wconf 77' lang='lat' dir='ltr'>Bor.</span> <span class='ocrx_word' id='word_1_189' title='bbox 748 2238 853 2295; x_wconf 81' lang='lat' dir='ltr'>Iterum</span> <span class='ocrx_word' id='word_1_190' title='bbox 871 2238 948 2306; x_wconf 86' lang='lat' dir='ltr'>dico,</span> <span class='ocrx_word' id='word_1_191' title='bbox 976 2238 1042 2309; x_wconf 88' lang='lat' dir='ltr'>quia</span> <span class='ocrx_word' id='word_1_192' title='bbox 1062 2241 1122 2294; x_wconf 84' lang='lat' dir='ltr'>et5</span> 
     </span>
     <span class='ocr_line' id='line_1_24' title="bbox 179 2325 864 2398; baseline -0.001 -19"><span class='ocrx_word' id='word_1_193' title='bbox 179 2325 251 2380; x_wconf 88' lang='lat' dir='ltr'>ratio</span> <span class='ocrx_word' id='word_1_194' title='bbox 268 2325 370 2395; x_wconf 88' lang='lat' dir='ltr'>probat</span> <span class='ocrx_word' id='word_1_195' title='bbox 389 2327 464 2397; x_wconf 86' lang='lat' dir='ltr'>quod</span> <span class='ocrx_word' id='word_1_196' title='bbox 483 2327 560 2395; x_wconf 87' lang='lat' dir='ltr'>diois,</span> <span class='ocrx_word' id='word_1_197' title='bbox 582 2332 611 2381; x_wconf 87' lang='lat' dir='ltr'>et</span> <span class='ocrx_word' id='word_1_198' title='bbox 626 2325 797 2398; x_wconf 88' lang='lat' dir='ltr'>impossibile</span> <span class='ocrx_word' id='word_1_199' title='bbox 815 2330 864 2380; x_wconf 81' lang='lat' dir='ltr'>est</span> 
     </span>
    </p>
   </div>
   <div class='ocr_carea' id='block_1_3' title="bbox 178 2515 1197 3222">
    <p class='ocr_par' dir='ltr' id='par_1_3' title="bbox 178 2515 1197 3216">
     <span class='ocr_line' id='line_1_25' title="bbox 256 2515 1197 2626; baseline 0.001 -26"><span class='ocrx_word' id='word_1_200' title='bbox 256 2515 328 2602; x_wconf 67' lang='lat'>23.</span> <span class='ocrx_word' id='word_1_201' title='bbox 380 2546 450 2600; x_wconf 81' lang='lat' dir='ltr'>Arra.</span> <span class='ocrx_word' id='word_1_202' title='bbox 479 2545 581 2601; x_wconf 85' lang='lat' dir='ltr'>Adhuc</span> <span class='ocrx_word' id='word_1_203' title='bbox 589 2548 610 2618; x_wconf 93' lang='lat'>¹)</span> <span class='ocrx_word' id='word_1_204' title='bbox 627 2548 724 2619; x_wconf 87' lang='lat' dir='ltr'>accipe</span> <span class='ocrx_word' id='word_1_205' title='bbox 741 2563 840 2614; x_wconf 90' lang='lat' dir='ltr'>unum,</span> <span class='ocrx_word' id='word_1_206' title='bbox 863 2543 924 2600; x_wconf 91' lang='lat' dir='ltr'>sine</span> <span class='ocrx_word' id='word_1_207' title='bbox 943 2562 999 2617; x_wconf 90' lang='lat' dir='ltr'>quo</span> <span class='ocrx_word' id='word_1_208' title='bbox 1015 2544 1120 2626; x_wconf 58' lang='lat' dir='ltr'>instet</span> <span class='ocrx_word' id='word_1_209' title='bbox 1171 2579 1197 2593; x_wconf 43' lang='grc' dir='ltr'><em>Α</em></span> 
     </span>
     <span class='ocr_line' id='line_1_26' title="bbox 179 2628 1087 2701; baseline 0 -13"><span class='ocrx_word' id='word_1_210' title='bbox 179 2629 235 2688; x_wconf 79' lang='lat' dir='ltr'>non</span> <span class='ocrx_word' id='word_1_211' title='bbox 269 2630 465 2688; x_wconf 83' lang='lat' dir='ltr'>reconciliatur</span> <span class='ocrx_word' id='word_1_212' title='bbox 498 2630 593 2700; x_wconf 86' lang='lat' dir='ltr'>homo,</span> <span class='ocrx_word' id='word_1_213' title='bbox 627 2650 678 2688; x_wconf 88' lang='lat' dir='ltr'>nec</span> <span class='ocrx_word' id='word_1_214' title='bbox 711 2632 802 2687; x_wconf 89' lang='lat' dir='ltr'>minus</span> <span class='ocrx_word' id='word_1_215' title='bbox 838 2628 1009 2701; x_wconf 87' lang='lat' dir='ltr'>impossibile</span> <span class='ocrx_word' id='word_1_216' title='bbox 1039 2638 1087 2688; x_wconf 81' lang='lat' dir='ltr'>eet</span> 
     </span>
     <span class='ocr_line' id='line_1_27' title="bbox 179 2713 1088 2792; baseline 0 -22"><span class='ocrx_word' id='word_1_217' title='bbox 179 2717 247 2771; x_wconf 82' lang='lat' dir='ltr'>Bos</span> <span class='ocrx_word' id='word_1_218' title='bbox 282 2716 364 2772; x_wconf 87' lang='lat' dir='ltr'>Tot</span> <span class='ocrx_word' id='word_1_219' title='bbox 355 2733 413 2770; x_wconf 86' lang='lat' dir='ltr'>ram</span> <span class='ocrx_word' id='word_1_220' title='bbox 433 2715 602 2786; x_wconf 80' lang='lat' dir='ltr'>proposuisti</span> <span class='ocrx_word' id='word_1_221' title='bbox 626 2716 706 2772; x_wconf 92' lang='lat' dir='ltr'>nobis</span> <span class='ocrx_word' id='word_1_222' title='bbox 730 2732 804 2792; x_wconf 89' lang='lat' dir='ltr'>quae</span> <span class='ocrx_word' id='word_1_223' title='bbox 829 2713 921 2770; x_wconf 83' lang='lat' dir='ltr'>iecere</span> <span class='ocrx_word' id='word_1_224' title='bbox 946 2714 1088 2785; x_wconf 86' lang='lat' dir='ltr'>debemus,</span> 
     </span>
     <span class='ocr_line' id='line_1_28' title="bbox 179 2799 1128 2877; baseline 0 -21"><span class='ocrx_word' id='word_1_225' title='bbox 179 2807 212 2856; x_wconf 86' lang='lat' dir='ltr'>ut</span> <span class='ocrx_word' id='word_1_226' title='bbox 236 2802 373 2874; x_wconf 87' lang='lat' dir='ltr'>quidquid</span> <span class='ocrx_word' id='word_1_227' title='bbox 397 2802 582 2874; x_wconf 81' lang='lat' dir='ltr'>superaddas,</span> <span class='ocrx_word' id='word_1_228' title='bbox 611 2817 667 2856; x_wconf 92' lang='lat' dir='ltr'>non</span> <span class='ocrx_word' id='word_1_229' title='bbox 692 2817 737 2856; x_wconf 88' lang='lat' dir='ltr'>me</span> <span class='ocrx_word' id='word_1_230' title='bbox 758 2799 857 2872; x_wconf 84' lang='lat' dir='ltr'>magis</span> <span class='ocrx_word' id='word_1_231' title='bbox 867 2806 971 2856; x_wconf 87' lang='lat' dir='ltr'>terrere</span> <span class='ocrx_word' id='word_1_232' title='bbox 990 2800 1128 2877; x_wconf 82' lang='lat' dir='ltr'>possit.</span> 
     </span>
     <span class='ocr_line' id='line_1_29' title="bbox 179 2881 1121 2950; baseline -0.004 -11"><span class='ocrx_word' id='word_1_233' title='bbox 179 2886 250 2941; x_wconf 78' lang='lat' dir='ltr'>Ana.</span> <span class='ocrx_word' id='word_1_234' title='bbox 286 2887 364 2943; x_wconf 85' lang='lat' dir='ltr'>Audi</span> <span class='ocrx_word' id='word_1_235' title='bbox 391 2893 494 2943; x_wconf 86' lang='lat' dir='ltr'>tamen.</span> <span class='ocrx_word' id='word_1_236' title='bbox 529 2887 599 2942; x_wconf 84' lang='lat' dir='ltr'>Boc</span> <span class='ocrx_word' id='word_1_237' title='bbox 633 2886 734 2942; x_wconf 86' lang='lat' dir='ltr'>Audio</span> <span class='ocrx_word' id='word_1_238' title='bbox 769 2888 838 2940; x_wconf 76' lang='lat' dir='ltr'>Arse.</span> <span class='ocrx_word' id='word_1_239' title='bbox 874 2885 949 2950; x_wconf 82' lang='lat' dir='ltr'>Quid</span> <span class='ocrx_word' id='word_1_240' title='bbox 972 2881 1121 2939; x_wconf 74' lang='lat' dir='ltr'>absmlitr</span> 
     </span>
     <span class='ocr_line' id='line_1_30' title="bbox 178 2964 1130 3049; baseline -0.005 -25"><span class='ocrx_word' id='word_1_241' title='bbox 178 2970 261 3026; x_wconf 83' lang='lat' dir='ltr'>h&#39;omo</span> <span class='ocrx_word' id='word_1_242' title='bbox 277 2973 347 3044; x_wconf 85' lang='lat' dir='ltr'>Deo,</span> <span class='ocrx_word' id='word_1_243' title='bbox 367 2991 431 3030; x_wconf 90' lang='lat' dir='ltr'>cum</span> <span class='ocrx_word' id='word_1_244' title='bbox 449 2973 523 3028; x_wconf 86' lang='lat' dir='ltr'>vinci</span> <span class='ocrx_word' id='word_1_245' title='bbox 541 2989 571 3027; x_wconf 88' lang='lat' dir='ltr'>se</span> <span class='ocrx_word' id='word_1_246' title='bbox 587 2971 713 3044; x_wconf 87' lang='lat' dir='ltr'>permisit</span> <span class='ocrx_word' id='word_1_247' title='bbox 730 2988 748 3027; x_wconf 91' lang='lat' dir='ltr'>a</span> <span class='ocrx_word' id='word_1_248' title='bbox 764 2971 897 3027; x_wconf 80' lang='lat' dir='ltr'>diabolo?</span> <span class='ocrx_word' id='word_1_249' title='bbox 930 2969 1001 3024; x_wconf 83' lang='lat' dir='ltr'>Boe.</span> <span class='ocrx_word' id='word_1_250' title='bbox 1030 2964 1095 3021; x_wconf 90' lang='lat' dir='ltr'>Dic</span> <span class='ocrx_word' id='word_1_251' title='bbox 1115 3007 1130 3049; x_wconf 76' lang='lat'>1</span> 
     </span>
     <span class='ocr_line' id='line_1_31' title="bbox 178 3050 1086 3131; baseline -0.008 -19"><span class='ocrx_word' id='word_1_252' title='bbox 178 3057 211 3112; x_wconf 86' lang='lat' dir='ltr'>tir</span> <span class='ocrx_word' id='word_1_253' title='bbox 228 3062 261 3113; x_wconf 90' lang='lat' dir='ltr'>ut</span> <span class='ocrx_word' id='word_1_254' title='bbox 276 3057 417 3129; x_wconf 87' lang='lat' dir='ltr'>incepisti,</span> <span class='ocrx_word' id='word_1_255' title='bbox 443 3059 510 3131; x_wconf 87' lang='lat' dir='ltr'>quie</span> <span class='ocrx_word' id='word_1_256' title='bbox 532 3074 585 3129; x_wconf 83' lang='lat' dir='ltr'>ego</span> <span class='ocrx_word' id='word_1_257' title='bbox 601 3050 708 3128; x_wconf 88' lang='lat' dir='ltr'>nescio,</span> <span class='ocrx_word' id='word_1_258' title='bbox 733 3056 801 3128; x_wconf 89' lang='lat' dir='ltr'>quid</span> <span class='ocrx_word' id='word_1_259' title='bbox 823 3055 993 3127; x_wconf 82' lang='lat' dir='ltr'>superhaec</span> <span class='ocrx_word' id='word_1_260' title='bbox 1012 3051 1086 3106; x_wconf 85' lang='lat' dir='ltr'>mala</span> 
     </span>
     <span class='ocr_line' id='line_1_32' title="bbox 179 3128 1120 3222; baseline -0.01 -23"><span class='ocrx_word' id='word_1_261' title='bbox 179 3159 252 3220; x_wconf 79' lang='lat' dir='ltr'>quae</span> <span class='ocrx_word' id='word_1_262' title='bbox 279 3143 425 3200; x_wconf 85' lang='lat' dir='ltr'>ostendisti</span> <span class='ocrx_word' id='word_1_263' title='bbox 451 3143 556 3222; x_wconf 92' lang='lat' dir='ltr'>potuit</span> <span class='ocrx_word' id='word_1_264' title='bbox 574 3143 686 3199; x_wconf 83' lang='lat' dir='ltr'>addere.</span> <span class='ocrx_word' id='word_1_265' title='bbox 740 3143 809 3198; x_wconf 77' lang='lat' dir='ltr'>Ana.</span> <span class='ocrx_word' id='word_1_266' title='bbox 844 3142 944 3199; x_wconf 86' lang='lat' dir='ltr'>Nonne</span> <span class='ocrx_word' id='word_1_267' title='bbox 972 3128 1120 3193; x_wconf 82' lang='lat' dir='ltr'>abstulit3</span> 
     </span>
    </p>
   </div>
   <div class='ocr_carea' id='block_1_4' title="bbox 250 3307 879 3404">
    <p class='ocr_par' dir='ltr' id='par_1_4' title="bbox 250 3307 879 3404">
     <span class='ocr_line' id='line_1_33' title="bbox 250 3307 879 3404; baseline -0.002 -16"><span class='ocrx_word' id='word_1_268' title='bbox 250 3334 276 3400; x_wconf 89' lang='lat'>1)</span> <span class='ocrx_word' id='word_1_269' title='bbox 294 3331 330 3387; x_wconf 94' lang='lat' dir='ltr'>In</span> <span class='ocrx_word' id='word_1_270' title='bbox 347 3329 431 3387; x_wconf 87' lang='lat' dir='ltr'>Mecr.</span> <span class='ocrx_word' id='word_1_271' title='bbox 447 3331 494 3388; x_wconf 90' lang='lat' dir='ltr'>hie</span> <span class='ocrx_word' id='word_1_272' title='bbox 510 3307 609 3404; x_wconf 81' lang='lat' dir='ltr'>incipit</span> <span class='ocrx_word' id='word_1_273' title='bbox 625 3325 661 3386; x_wconf 84' lang='lat' dir='ltr'>e.</span> <span class='ocrx_word' id='word_1_274' title='bbox 669 3336 711 3389; x_wconf 76' lang='lat'>23.</span> <span class='ocrx_word' id='word_1_275' title='bbox 802 3375 804 3381; x_wconf 87' lang='lat'><em>.</em></span> <span class='ocrx_word' id='word_1_276' title='bbox 877 3371 879 3378; x_wconf 41' lang='grc' dir='ltr'>ι</span> 
     </span>
    </p>
   </div>
   <div class='ocr_carea' id='block_1_5' title="bbox 0 0 1318 3810">
    <p class='ocr_par' dir='ltr' id='par_1_5' title="bbox 0 0 1318 3810">
     <span class='ocr_line' id='line_1_34' title="bbox 0 0 1318 3810; baseline 0 1"><span class='ocrx_word' id='word_1_277' title='bbox 0 0 1318 3810; x_wconf 95' lang='lat' dir='ltr'> </span> 
     </span>
    </p>
   </div>
  </div>
 </body>
</html>
