2628 3810
402 266 481 326 cun
497 265 598 325 nnus
616 267 734 324 nono.
769 268 792 323 1.
812 275 852 326 ro.
870 273 913 334 ιι.
1068 273 1111 339 43

206 441 310 510 munst)
339 441 451 513 quando
477 441 537 497 sole
564 439 686 508 ratione,
714 445 808 494 utrum
835 439 971 496 adventus
996 441 1055 496 eius
1075 441 1112 495 nd

207 527 387 584 salvationem
414 526 556 583 hominum
585 531 658 581 esset
681 525 868 595 necessarius,
896 542 1029 597 quaerere
1049 545 1112 599 pro

206 613 358 684 posuimus.
391 614 459 667 Boe.
494 612 539 667 Ite
558 612 684 668 fecimus.
719 612 789 667 Aoo.
821 610 888 667 Sole
903 611 989 683 igitur
1005 612 1113 668 ratione
1132 618 1163 672 18

206 698 395 768 procedamus.
431 699 498 752 Boe.
534 697 666 762 Quemvis
689 697 719 752 in
743 698 886 770 angustias
910 698 1046 768 quendem
1068 713 1113 754 mc

208 782 310 852 duces,
326 783 563 840 desidero'tsmen
580 783 712 852 multum,
730 787 777 850 ut,
798 781 871 836 sicut
888 781 1032 852 incepisti,
1049 802 1113 854 pro·

207 868 350 940 gredieris.

283 1007 349 1094 21·
402 1042 471 1096 Am.
507 1040 648 1095 Ponemus
670 1040 763 1094 omnis
782 1039 844 1109 ills,
871 1057 944 1112 quse
962 1041 1045 1098 modo
1062 1057 1143 1112 pro-1

206 1126 286 1182 suisti
308 1132 336 1182 te
358 1144 409 1198 pro
434 1131 551 1197 peccato
575 1141 657 1197 posse
686 1125 805 1194 solvero,
827 1132 856 1182 te
877 1144 933 1183 non
960 1128 1061 1183 debere
1084 1134 1112 1182 et

205 1213 358 1284 videamus,
376 1219 470 1268 utrum
486 1211 594 1282 possint
611 1209 740 1266 sufficere
754 1211 790 1265 ed
802 1212 1019 1268 satisfactionem
1028 1214 1112 1270 unius

205 1308 263 1358 tem
285 1300 366 1371 perri
391 1299 513 1370 peccati,
539 1298 623 1353 sicuti
646 1302 689 1352 est
710 1314 783 1351 unus
802 1302 932 1367 aspectus
951 1303 1049 1354 contre
1064 1318 1112 1356 ro·
1158 1343 1179 1352 ..

205 1386 341 1442 luntutem
357 1385 420 1440 Dei.
454 1386 523 1439 Boe.
558 1383 620 1442 Nisi
644 1383 711 1455 quie
734 1382 818 1437 sudio
841 1388 870 1438 te
891 1384 944 1438 hoo
965 1401 1069 1454 ponere
1082 1387 1145 1442 int

206 1473 409 1546 quaestionem,
432 1475 560 1541 putarem
586 1485 630 1523 me
651 1468 705 1524 hoc
723 1473 870 1554 peecatum
887 1485 945 1523 une
963 1470 1022 1524 sole
1039 1487 1113 1525 eom·
1161 1509 1178 1517 -

205 1558 357 1631 punctione
384 1556 487 1611 delere.
530 1556 599 1610 Am.
633 1553 765 1612 Nondum
789 1553 983 1617 considerasti,
1015 1556 1113 1626 quenti

205 1645 336 1718 ponderis
355 1643 392 1698 eit
413 1645 567 1713 peccatum.
602 1642 671 1694 Boe.
699 1638 781 1694 Nune
799 1637 915 1694 ostonde
931 1628 1007 1693 milii.
1042 1641 1146 1696 Aue

207 1729 237 1786 Si
262 1729 371 1784 videres
394 1731 422 1781 te
445 1727 475 1780 in
499 1732 650 1796 conspectu
667 1723 722 1779 Dei
744 1729 773 1778 et
800 1723 901 1795 uliquis
924 1723 976 1779 tibi
994 1725 1112 1782 diceret:

206 1815 299 1884 aspice
316 1813 391 1882 illuc,
419 1817 447 1866 et
462 1810 542 1866 Dens
560 1817 686 1866 econtra:
712 1810 871 1865 nullatenus
888 1809 966 1879 volo,
989 1815 1022 1864 ut
1039 1812 1113 1882 espi-

207 1898 278 1968 cius3
308 1915 411 1970 queere
428 1903 461 1953 tu
477 1897 537 1968 ipse
556 1897 586 1952 in
603 1897 688 1953 corde
705 1901 767 1966 tuo,
792 1896 861 1970 quid
882 1896 918 1952 sit
936 1896 967 1952 in
985 1893 1113 1953 omnibus

207 1990 371 2056 quaesunt,
389 2000 439 2054 pro
457 2001 512 2055 quo
530 1984 646 2039 deberes
664 1989 762 2038 contre
774 1982 946 2038 voluntatem
962 1982 1017 2038 Dei
1033 1983 1113 2038 illum

207 2074 350 2138 aspectum
367 2068 481 2125 fecere?
516 2073 585 2125 Boe.
611 2067 690 2125 Nihil
708 2067 819 2123 invenio
835 2074 950 2139 propter
969 2071 1044 2140 quod
1060 2070 1147 2125 hoct

208 2152 337 2222 debeam,
369 2153 424 2208 nisi
448 2153 520 2209 forte
547 2154 599 2209 sim
626 2153 656 2207 in
681 2171 715 2208 es
741 2153 907 2208 necessitate
932 2151 1052 2224 positus,
1081 2160 1114 2210 ut
1155 2187 1180 2212 c

207 2238 245 2296 sit
274 2254 389 2294 necesse
420 2255 466 2294 me
494 2246 543 2297 aut
568 2240 622 2296 hoo
650 2245 700 2295 sut
724 2238 814 2293 maius
840 2243 988 2309 peccatum
1012 2239 1113 2296 fecere.

208 2326 278 2380 Ans.
297 2323 419 2378 Remove
435 2323 508 2381 hono
526 2327 726 2394 necessitatem,
745 2329 775 2382 et
793 2324 828 2379 de
848 2323 907 2378 solo
924 2323 977 2379 hoe
996 2325 1146 2394 peecato5

207 2409 366 2478 considere,
390 2407 414 2462 si
440 2409 530 2479 possis
552 2411 623 2468 illud
644 2411 737 2467 fecere
758 2427 810 2481 pro
831 2409 920 2480 teipso
942 2409 1112 2465 redimendo.

208 2498 276 2551 Bos.
310 2494 417 2565 Aperte
449 2493 545 2564 video,
576 2497 641 2568 quis
670 2514 728 2552 non
754 2513 877 2566 possum.
912 2496 982 2550 Ace.
1017 2496 1061 2552 Ne
1084 2498 1147 2553 too

209 2582 313 2638 diutius
340 2579 514 2652 protraham:
546 2583 627 2651 quid,
656 2583 680 2636 si
714 2598 826 2638 necesse
850 2587 925 2651 esset
951 2587 1000 2636 aut
1024 2586 1114 2637 totum

208 2668 343 2724 mnndum
362 2671 391 2722 st
417 2665 554 2737 quidquid
571 2666 650 2722 Deus
666 2685 723 2722 non
739 2673 782 2722 est
798 2668 889 2738 perire
906 2673 934 2722 et
950 2667 979 2722 in
996 2667 1114 2724 nihilum

208 2752 312 2824 redigi,
339 2758 390 2808 eut
415 2752 449 2806 de
469 2751 562 2806 fecere
585 2758 644 2806 tem
662 2769 777 2824 pervum
793 2770 853 2808 rem
873 2757 970 2808 contre
988 2754 1121 2808 voluntas

207 2842 265 2891 tem
284 2837 359 2894 Dei?
394 2839 464 2891 Boe.
499 2835 570 2891 eum
588 2837 731 2893 considero
752 2834 889 2895 sotionem
906 2839 1009 2910 ipsum,
1035 2838 1149 2893 levis-r

210 2920 309 2976 simum
329 2923 463 2994 quiddam
480 2921 562 2976 video
581 2937 657 2984 esse;
686 2924 736 2978 sed
757 2942 821 2980 cum
844 2926 969 2993 intueor,
993 2922 1060 2994 quid
1078 2922 1115 2977 sit

230 3195 237 3208 ·
281 3127 306 3193 1)
329 3127 402 3209 Vide
424 3145 496 3211 quac
525 3128 555 3210 in
568 3125 755 3210 'Ppeefetione
781 3146 832 3183 suu
856 3129 883 3184 S.
906 3126 1056 3183 Anselmus
1080 3128 1116 3209 de

210 3196 362 3250 drsscrendr
389 3203 496 3253 retrone
523 3197 576 3252 srbr
603 3198 726 3253 meunde
744 3198 858 3253 monuit.
889 3203 1010 3266 „remoto
1036 3197 1114 3252 Chn-

91 3301 94 3308 ,
209 3265 280 3320 sto.“
302 3295 338 3304 —
358 3264 415 3320 Cir.
434 3283 458 3322 c.
478 3272 520 3336 10,
537 3271 584 3321 28:
604 3266 761 3337 „Ponemus
780 3266 836 3321 Dei
854 3265 1115 3321 incmmstioncm-

208 3350 360 3404 numquam
378 3334 489 3390 fuisse.“
