<?xml version="1.0" encoding="UTF-8"?>
<!DOCTYPE html PUBLIC "-//W3C//DTD XHTML 1.0 Transitional//EN"
    "http://www.w3.org/TR/xhtml1/DTD/xhtml1-transitional.dtd">
<html xmlns="http://www.w3.org/1999/xhtml" xml:lang="en" lang="en">
 <head>
  <title>
</title>
<meta http-equiv="Content-Type" content="text/html;charset=utf-8" />
  <meta name='ocr-system' content='tesseract 3.04.00' />
  <meta name='ocr-capabilities' content='ocr_page ocr_carea ocr_par ocr_line ocrx_word'/>
</head>
<body>
  <div class='ocr_page' id='page_1' title='image "./sanselmicantuar00laemgoog_0060.png"; bbox 0 0 2628 3810; ppageno 0'>
   <div class='ocr_carea' id='block_1_1' title="bbox 405 268 1082 365">
    <p class='ocr_par' dir='ltr' id='par_1_1' title="bbox 405 268 1082 365">
     <span class='ocr_line' id='line_1_1' title="bbox 405 268 1082 365; baseline 0.019 -13"><span class='ocrx_word' id='word_1_1' title='bbox 405 295 482 354; x_wconf 79' lang='lat' dir='ltr'>oon</span> <span class='ocrx_word' id='word_1_2' title='bbox 499 268 601 354; x_wconf 81' lang='lat' dir='ltr'>nnus</span> <span class='ocrx_word' id='word_1_3' title='bbox 618 293 736 354; x_wconf 81' lang='lat' dir='ltr'>nono.</span> <span class='ocrx_word' id='word_1_4' title='bbox 771 297 793 354; x_wconf 93' lang='lat'>1.</span> <span class='ocrx_word' id='word_1_5' title='bbox 815 301 857 354; x_wconf 77' lang='lat' dir='ltr'>ss.</span> <span class='ocrx_word' id='word_1_6' title='bbox 886 333 888 338; x_wconf 79' lang='lat'><em>.</em></span> <span class='ocrx_word' id='word_1_7' title='bbox 1039 297 1082 365; x_wconf 79' lang='lat'>35</span> 
     </span>
    </p>
   </div>
   <div class='ocr_carea' id='block_1_2' title="bbox 125 465 1216 2668">
    <p class='ocr_par' dir='ltr' id='par_1_2' title="bbox 174 465 1083 624">
     <span class='ocr_line' id='line_1_2' title="bbox 174 465 1081 538; baseline -0.002 -12"><span class='ocrx_word' id='word_1_8' title='bbox 174 475 234 526; x_wconf 89' lang='lat' dir='ltr'>tota</span> <span class='ocrx_word' id='word_1_9' title='bbox 252 469 282 523; x_wconf 88' lang='lat' dir='ltr'>in</span> <span class='ocrx_word' id='word_1_10' title='bbox 302 468 358 522; x_wconf 88' lang='lat' dir='ltr'>illis</span> <span class='ocrx_word' id='word_1_11' title='bbox 377 465 452 521; x_wconf 85' lang='lat' dir='ltr'>vieta</span> <span class='ocrx_word' id='word_1_12' title='bbox 472 471 527 536; x_wconf 83' lang='lat' dir='ltr'>est,</span> <span class='ocrx_word' id='word_1_13' title='bbox 546 471 578 521; x_wconf 89' lang='lat' dir='ltr'>ut</span> <span class='ocrx_word' id='word_1_14' title='bbox 592 472 723 538; x_wconf 88' lang='lat' dir='ltr'>peccaret</span> <span class='ocrx_word' id='word_1_15' title='bbox 742 469 867 538; x_wconf 78' lang='lat' dir='ltr'>(excepto</span> <span class='ocrx_word' id='word_1_16' title='bbox 886 467 935 522; x_wconf 88' lang='lat' dir='ltr'>illo</span> <span class='ocrx_word' id='word_1_17' title='bbox 953 467 1012 522; x_wconf 92' lang='lat' dir='ltr'>solo</span> <span class='ocrx_word' id='word_1_18' title='bbox 1032 467 1081 524; x_wconf 91' lang='lat' dir='ltr'>ho·</span> 
     </span>
     <span class='ocr_line' id='line_1_3' title="bbox 175 551 1083 624; baseline -0.002 -14"><span class='ocrx_word' id='word_1_19' title='bbox 175 555 264 624; x_wconf 84' lang='lat' dir='ltr'>mine,</span> <span class='ocrx_word' id='word_1_20' title='bbox 288 569 371 624; x_wconf 85' lang='lat' dir='ltr'>quam</span> <span class='ocrx_word' id='word_1_21' title='bbox 389 551 466 606; x_wconf 89' lang='lat' dir='ltr'>Deus</span> <span class='ocrx_word' id='word_1_22' title='bbox 485 551 559 607; x_wconf 90' lang='lat' dir='ltr'>sicut</span> <span class='ocrx_word' id='word_1_23' title='bbox 587 552 668 608; x_wconf 84' lang='lat' dir='ltr'>scivit</span> <span class='ocrx_word' id='word_1_24' title='bbox 686 553 746 606; x_wconf 90' lang='lat' dir='ltr'>sinc</span> <span class='ocrx_word' id='word_1_25' title='bbox 769 552 822 606; x_wconf 85' lang='lat' dir='ltr'>viri</span> <span class='ocrx_word' id='word_1_26' title='bbox 839 553 942 608; x_wconf 87' lang='lat' dir='ltr'>semine</span> <span class='ocrx_word' id='word_1_27' title='bbox 962 553 998 608; x_wconf 88' lang='lat' dir='ltr'>de</span> <span class='ocrx_word' id='word_1_28' title='bbox 1015 553 1083 611; x_wconf 89' lang='lat' dir='ltr'>Vir-</span> 
     </span>
    </p>

    <p class='ocr_par' dir='ltr' id='par_1_3' title="bbox 125 635 1216 1904">
     <span class='ocr_line' id='line_1_4' title="bbox 125 635 1082 712; baseline -0.002 -18"><span class='ocrx_word' id='word_1_29' title='bbox 125 655 126 662; x_wconf 54' lang='lat'><em>*</em></span> <span class='ocrx_word' id='word_1_30' title='bbox 175 641 240 712; x_wconf 82' lang='lat' dir='ltr'>gine</span> <span class='ocrx_word' id='word_1_31' title='bbox 264 639 371 708; x_wconf 85' lang='lat' dir='ltr'>facere,</span> <span class='ocrx_word' id='word_1_32' title='bbox 396 635 436 691; x_wconf 90' lang='lat' dir='ltr'>sic</span> <span class='ocrx_word' id='word_1_33' title='bbox 461 637 543 692; x_wconf 87' lang='lat' dir='ltr'>scivit</span> <span class='ocrx_word' id='word_1_34' title='bbox 566 653 583 692; x_wconf 85' lang='lat' dir='ltr'>a</span> <span class='ocrx_word' id='word_1_35' title='bbox 605 644 721 708; x_wconf 83' lang='lat' dir='ltr'>peccato</span> <span class='ocrx_word' id='word_1_36' title='bbox 743 638 826 693; x_wconf 85' lang='lat' dir='ltr'>Adae</span> <span class='ocrx_word' id='word_1_37' title='bbox 849 641 1016 708; x_wconf 80' lang='lat' dir='ltr'>secernere),</span> <span class='ocrx_word' id='word_1_38' title='bbox 1041 639 1082 692; x_wconf 82' lang='lat' dir='ltr'>ite</span> 
     </span>
     <span class='ocr_line' id='line_1_5' title="bbox 175 721 1131 796; baseline 0.003 -19"><span class='ocrx_word' id='word_1_39' title='bbox 175 723 205 778; x_wconf 91' lang='lat' dir='ltr'>in</span> <span class='ocrx_word' id='word_1_40' title='bbox 223 722 328 778; x_wconf 88' lang='lat' dir='ltr'>eisdem</span> <span class='ocrx_word' id='word_1_41' title='bbox 344 727 405 778; x_wconf 90' lang='lat' dir='ltr'>tota</span> <span class='ocrx_word' id='word_1_42' title='bbox 420 721 543 792; x_wconf 80' lang='lat' dir='ltr'>vicisset,</span> <span class='ocrx_word' id='word_1_43' title='bbox 567 723 661 778; x_wconf 89' lang='lat' dir='ltr'>sinon</span> <span class='ocrx_word' id='word_1_44' title='bbox 681 729 852 795; x_wconf 72' lang='lat' dir='ltr'>peccassent.</span> <span class='ocrx_word' id='word_1_45' title='bbox 887 723 987 778; x_wconf 81' lang='lat' dir='ltr'>Restat</span> <span class='ocrx_word' id='word_1_46' title='bbox 1005 741 1080 796; x_wconf 85' lang='lat' dir='ltr'>ergo,</span> <span class='ocrx_word' id='word_1_47' title='bbox 1099 721 1131 773; x_wconf 84' lang='grc'>39</span> 
     </span>
     <span class='ocr_line' id='line_1_6' title="bbox 176 806 1081 881; baseline 0.002 -18"><span class='ocrx_word' id='word_1_48' title='bbox 176 815 208 863; x_wconf 87' lang='lat' dir='ltr'>ut</span> <span class='ocrx_word' id='word_1_49' title='bbox 234 825 290 862; x_wconf 92' lang='lat' dir='ltr'>non</span> <span class='ocrx_word' id='word_1_50' title='bbox 319 806 456 878; x_wconf 86' lang='lat' dir='ltr'>completa</span> <span class='ocrx_word' id='word_1_51' title='bbox 478 809 508 862; x_wconf 91' lang='lat' dir='ltr'>in</span> <span class='ocrx_word' id='word_1_52' title='bbox 530 807 578 863; x_wconf 90' lang='lat' dir='ltr'>illo</span> <span class='ocrx_word' id='word_1_53' title='bbox 603 809 692 879; x_wconf 86' lang='lat' dir='ltr'>primo</span> <span class='ocrx_word' id='word_1_54' title='bbox 714 825 828 864; x_wconf 88' lang='lat' dir='ltr'>numero</span> <span class='ocrx_word' id='word_1_55' title='bbox 853 810 1014 881; x_wconf 84' lang='lat' dir='ltr'>angelorum</span> <span class='ocrx_word' id='word_1_56' title='bbox 1035 827 1081 865; x_wconf 88' lang='lat' dir='ltr'>su·</span> 
     </span>
     <span class='ocr_line' id='line_1_7' title="bbox 174 892 1080 965; baseline 0.003 -18"><span class='ocrx_word' id='word_1_57' title='bbox 174 910 263 964; x_wconf 89' lang='lat' dir='ltr'>perna</span> <span class='ocrx_word' id='word_1_58' title='bbox 279 892 376 948; x_wconf 80' lang='lat' dir='ltr'>civitas</span> <span class='ocrx_word' id='word_1_59' title='bbox 391 895 489 949; x_wconf 85' lang='lat' dir='ltr'>sedda</span> <span class='ocrx_word' id='word_1_60' title='bbox 505 893 662 950; x_wconf 87' lang='lat' dir='ltr'>horninibus</span> <span class='ocrx_word' id='word_1_61' title='bbox 682 895 848 965; x_wconf 84' lang='lat' dir='ltr'>complenda</span> <span class='ocrx_word' id='word_1_62' title='bbox 858 894 946 949; x_wconf 84' lang='lat' dir='ltr'>fuisse</span> <span class='ocrx_word' id='word_1_63' title='bbox 963 893 1080 950; x_wconf 74' lang='lat' dir='ltr'>dicaam.</span> 
     </span>
     <span class='ocr_line' id='line_1_8' title="bbox 177 976 1082 1051; baseline 0 -17"><span class='ocrx_word' id='word_1_64' title='bbox 177 979 254 1043; x_wconf 79' lang='lat' dir='ltr'>Quae</span> <span class='ocrx_word' id='word_1_65' title='bbox 273 976 297 1032; x_wconf 83' lang='lat' dir='ltr'>si</span> <span class='ocrx_word' id='word_1_66' title='bbox 314 985 376 1033; x_wconf 87' lang='lat' dir='ltr'>rata</span> <span class='ocrx_word' id='word_1_67' title='bbox 393 985 465 1049; x_wconf 87' lang='lat' dir='ltr'>sunt,</span> <span class='ocrx_word' id='word_1_68' title='bbox 484 979 579 1050; x_wconf 87' lang='lat' dir='ltr'>plures</span> <span class='ocrx_word' id='word_1_69' title='bbox 597 985 678 1034; x_wconf 88' lang='lat' dir='ltr'>erunt</span> <span class='ocrx_word' id='word_1_70' title='bbox 695 979 777 1034; x_wconf 84' lang='lat' dir='ltr'>electi</span> <span class='ocrx_word' id='word_1_71' title='bbox 793 979 917 1036; x_wconf 88' lang='lat' dir='ltr'>homines</span> <span class='ocrx_word' id='word_1_72' title='bbox 929 995 1012 1051; x_wconf 87' lang='lat' dir='ltr'>quam</span> <span class='ocrx_word' id='word_1_73' title='bbox 1026 979 1082 1034; x_wconf 85' lang='lat' dir='ltr'>sint</span> 
     </span>
     <span class='ocr_line' id='line_1_9' title="bbox 174 1061 1132 1135; baseline -0.004 -15"><span class='ocrx_word' id='word_1_74' title='bbox 174 1063 286 1135; x_wconf 85' lang='lat' dir='ltr'>reprobi</span> <span class='ocrx_word' id='word_1_75' title='bbox 309 1064 411 1135; x_wconf 82' lang='lat' dir='ltr'>angeli.</span> <span class='ocrx_word' id='word_1_76' title='bbox 445 1065 515 1118; x_wconf 83' lang='lat' dir='ltr'>Bos.</span> <span class='ocrx_word' id='word_1_77' title='bbox 544 1061 734 1118; x_wconf 79' lang='lat' dir='ltr'>Rationabilia</span> <span class='ocrx_word' id='word_1_78' title='bbox 758 1063 825 1118; x_wconf 88' lang='lat' dir='ltr'>mihi</span> <span class='ocrx_word' id='word_1_79' title='bbox 850 1063 932 1118; x_wconf 83' lang='lat' dir='ltr'>valde</span> <span class='ocrx_word' id='word_1_80' title='bbox 951 1063 1081 1125; x_wconf 73' lang='lat' dir='ltr'>ridentur</span> <span class='ocrx_word' id='word_1_81' title='bbox 1099 1066 1132 1117; x_wconf 88' lang='grc'>40</span> 
     </span>
     <span class='ocr_line' id='line_1_10' title="bbox 176 1147 1216 1221; baseline -0.003 -16"><span class='ocrx_word' id='word_1_82' title='bbox 176 1165 248 1221; x_wconf 89' lang='lat' dir='ltr'>quae</span> <span class='ocrx_word' id='word_1_83' title='bbox 277 1149 362 1219; x_wconf 81' lang='lat' dir='ltr'>dicis3</span> <span class='ocrx_word' id='word_1_84' title='bbox 391 1149 441 1204; x_wconf 90' lang='lat' dir='ltr'>sed</span> <span class='ocrx_word' id='word_1_85' title='bbox 469 1148 536 1220; x_wconf 88' lang='lat' dir='ltr'>quid</span> <span class='ocrx_word' id='word_1_86' title='bbox 565 1147 702 1217; x_wconf 85' lang='lat' dir='ltr'>dicemus,</span> <span class='ocrx_word' id='word_1_87' title='bbox 728 1148 794 1218; x_wconf 88' lang='lat' dir='ltr'>quia</span> <span class='ocrx_word' id='word_1_88' title='bbox 819 1149 921 1220; x_wconf 78' lang='lat' dir='ltr'>legitur</span> <span class='ocrx_word' id='word_1_89' title='bbox 946 1148 982 1202; x_wconf 89' lang='lat' dir='ltr'>de</span> <span class='ocrx_word' id='word_1_90' title='bbox 1003 1149 1081 1203; x_wconf 88' lang='lat' dir='ltr'>Deo:</span> <span class='ocrx_word' id='word_1_91' title='bbox 1215 1159 1216 1162; x_wconf 74' lang='grc'>’</span> 
     </span>
     <span class='ocr_line' id='line_1_11' title="bbox 176 1233 1083 1304; baseline -0.004 -14"><span class='ocrx_word' id='word_1_92' title='bbox 176 1236 317 1290; x_wconf 75' lang='lat' dir='ltr'>constituit</span> <span class='ocrx_word' id='word_1_93' title='bbox 340 1235 472 1290; x_wconf 80' lang='lat' dir='ltr'>terminos</span> <span class='ocrx_word' id='word_1_94' title='bbox 492 1234 667 1304; x_wconf 77' lang='lat' dir='ltr'>populorum</span> <span class='ocrx_word' id='word_1_95' title='bbox 692 1233 771 1286; x_wconf 76' lang='lat' dir='ltr'>iacta</span> <span class='ocrx_word' id='word_1_96' title='bbox 792 1252 935 1288; x_wconf 74' lang='lat' dir='ltr'>acmes-am</span> <span class='ocrx_word' id='word_1_97' title='bbox 953 1234 1083 1304; x_wconf 80' lang='lat' dir='ltr'>filioram</span> 
     </span>
     <span class='ocr_line' id='line_1_12' title="bbox 175 1317 1083 1390; baseline -0.001 -15"><span class='ocrx_word' id='word_1_98' title='bbox 175 1321 318 1388; x_wconf 49' lang='lat' dir='ltr'>Israeli&amp;</span> <span class='ocrx_word' id='word_1_99' title='bbox 354 1319 436 1384; x_wconf 78' lang='lat' dir='ltr'>Quod</span> <span class='ocrx_word' id='word_1_100' title='bbox 456 1319 580 1389; x_wconf 88' lang='lat' dir='ltr'>quidam,</span> <span class='ocrx_word' id='word_1_101' title='bbox 599 1317 664 1390; x_wconf 85' lang='lat' dir='ltr'>quia</span> <span class='ocrx_word' id='word_1_102' title='bbox 680 1335 731 1388; x_wconf 87' lang='lat' dir='ltr'>pro</span> <span class='ocrx_word' id='word_1_103' title='bbox 743 1321 871 1388; x_wconf 76' lang='lat' dir='ltr'>filioram</span> <span class='ocrx_word' id='word_1_104' title='bbox 894 1320 989 1373; x_wconf 79' lang='lat' dir='ltr'>Israel</span> <span class='ocrx_word' id='word_1_105' title='bbox 1007 1319 1083 1374; x_wconf 78' lang='lat' dir='ltr'>inve·</span> 
     </span>
     <span class='ocr_line' id='line_1_13' title="bbox 176 1403 1083 1474; baseline -0.004 -12"><span class='ocrx_word' id='word_1_106' title='bbox 176 1407 251 1462; x_wconf 87' lang='lat' dir='ltr'>nitur</span> <span class='ocrx_word' id='word_1_107' title='bbox 269 1405 433 1474; x_wconf 74' lang='lat' dir='ltr'>onpaloram</span> <span class='ocrx_word' id='word_1_108' title='bbox 453 1405 552 1473; x_wconf 82' lang='lat' dir='ltr'>Des&#39;‚²)</span> <span class='ocrx_word' id='word_1_109' title='bbox 574 1403 615 1458; x_wconf 87' lang='lat' dir='ltr'>sio</span> <span class='ocrx_word' id='word_1_110' title='bbox 634 1410 788 1474; x_wconf 84' lang='lat' dir='ltr'>exponunt,</span> <span class='ocrx_word' id='word_1_111' title='bbox 814 1409 847 1458; x_wconf 92' lang='lat' dir='ltr'>ut</span> <span class='ocrx_word' id='word_1_112' title='bbox 863 1405 1015 1459; x_wconf 88' lang='lat' dir='ltr'>secundum</span> <span class='ocrx_word' id='word_1_113' title='bbox 1031 1422 1083 1458; x_wconf 91' lang='lat' dir='ltr'>nu·</span> 
     </span>
     <span class='ocr_line' id='line_1_14' title="bbox 176 1489 1083 1560; baseline -0.006 -14"><span class='ocrx_word' id='word_1_114' title='bbox 176 1509 282 1548; x_wconf 86' lang='lat' dir='ltr'>merum</span> <span class='ocrx_word' id='word_1_115' title='bbox 304 1491 441 1556; x_wconf 87' lang='lat' dir='ltr'>bonorum</span> <span class='ocrx_word' id='word_1_116' title='bbox 461 1489 623 1559; x_wconf 84' lang='lat' dir='ltr'>angelorum</span> <span class='ocrx_word' id='word_1_117' title='bbox 642 1489 824 1545; x_wconf 83' lang='lat' dir='ltr'>assumendus</span> <span class='ocrx_word' id='word_1_118' title='bbox 844 1489 1017 1560; x_wconf 81' lang='lat' dir='ltr'>intelligatur</span> <span class='ocrx_word' id='word_1_119' title='bbox 1032 1504 1083 1542; x_wconf 90' lang='lat' dir='ltr'>nu·</span> 
     </span>
     <span class='ocr_line' id='line_1_15' title="bbox 176 1573 1133 1648; baseline 0.003 -18"><span class='ocrx_word' id='word_1_120' title='bbox 176 1591 268 1632; x_wconf 86' lang='lat' dir='ltr'>merus</span> <span class='ocrx_word' id='word_1_121' title='bbox 295 1576 445 1648; x_wconf 87' lang='lat' dir='ltr'>electorum</span> <span class='ocrx_word' id='word_1_122' title='bbox 472 1573 622 1629; x_wconf 88' lang='lat' dir='ltr'>hominum.</span> <span class='ocrx_word' id='word_1_123' title='bbox 671 1575 741 1628; x_wconf 78' lang='lat' dir='ltr'>Aac.</span> <span class='ocrx_word' id='word_1_124' title='bbox 775 1574 838 1630; x_wconf 87' lang='lat' dir='ltr'>Hoc</span> <span class='ocrx_word' id='word_1_125' title='bbox 864 1591 922 1632; x_wconf 91' lang='lat' dir='ltr'>non</span> <span class='ocrx_word' id='word_1_126' title='bbox 945 1578 1085 1644; x_wconf 82' lang='lat' dir='ltr'>repugnat</span> <span class='ocrx_word' id='word_1_127' title='bbox 1102 1582 1133 1632; x_wconf 86' lang='grc'>41</span> 
     </span>
     <span class='ocr_line' id='line_1_16' title="bbox 176 1658 1084 1733; baseline -0.002 -17"><span class='ocrx_word' id='word_1_128' title='bbox 176 1661 337 1733; x_wconf 76' lang='lat' dir='ltr'>praedictae</span> <span class='ocrx_word' id='word_1_129' title='bbox 355 1658 522 1728; x_wconf 85' lang='lat' dir='ltr'>sententiae,</span> <span class='ocrx_word' id='word_1_130' title='bbox 552 1659 576 1713; x_wconf 88' lang='lat' dir='ltr'>si</span> <span class='ocrx_word' id='word_1_131' title='bbox 595 1663 701 1714; x_wconf 91' lang='lat' dir='ltr'>certum</span> <span class='ocrx_word' id='word_1_132' title='bbox 718 1675 774 1714; x_wconf 90' lang='lat' dir='ltr'>non</span> <span class='ocrx_word' id='word_1_133' title='bbox 792 1665 849 1729; x_wconf 88' lang='lat' dir='ltr'>est,</span> <span class='ocrx_word' id='word_1_134' title='bbox 875 1658 951 1730; x_wconf 90' lang='lat' dir='ltr'>quod</span> <span class='ocrx_word' id='word_1_135' title='bbox 967 1659 1084 1714; x_wconf 87' lang='lat' dir='ltr'>totidem</span> 
     </span>
     <span class='ocr_line' id='line_1_17' title="bbox 177 1741 1084 1820; baseline -0.004 -18"><span class='ocrx_word' id='word_1_136' title='bbox 177 1748 271 1820; x_wconf 80' lang='lat' dir='ltr'>angeli</span> <span class='ocrx_word' id='word_1_137' title='bbox 297 1745 465 1804; x_wconf 86' lang='lat' dir='ltr'>cecidissent</span> <span class='ocrx_word' id='word_1_138' title='bbox 497 1750 565 1814; x_wconf 91' lang='lat' dir='ltr'>quot</span> <span class='ocrx_word' id='word_1_139' title='bbox 594 1741 794 1800; x_wconf 82' lang='lat' dir='ltr'>remansenmt</span> <span class='ocrx_word' id='word_1_140' title='bbox 841 1745 914 1800; x_wconf 83' lang='lat' dir='ltr'>Nam</span> <span class='ocrx_word' id='word_1_141' title='bbox 939 1744 964 1799; x_wconf 91' lang='lat' dir='ltr'>si</span> <span class='ocrx_word' id='word_1_142' title='bbox 990 1744 1084 1816; x_wconf 65' lang='lat' dir='ltr'>pheres</span> 
     </span>
     <span class='ocr_line' id='line_1_18' title="bbox 178 1829 1084 1904; baseline -0.003 -18"><span class='ocrx_word' id='word_1_143' title='bbox 178 1841 245 1888; x_wconf 86' lang='lat' dir='ltr'>sunt</span> <span class='ocrx_word' id='word_1_144' title='bbox 263 1831 357 1904; x_wconf 84' lang='lat' dir='ltr'>angeli</span> <span class='ocrx_word' id='word_1_145' title='bbox 377 1831 457 1888; x_wconf 90' lang='lat' dir='ltr'>electi</span> <span class='ocrx_word' id='word_1_146' title='bbox 475 1846 559 1899; x_wconf 86' lang='lat' dir='ltr'>quarn</span> <span class='ocrx_word' id='word_1_147' title='bbox 578 1829 698 1901; x_wconf 86' lang='lat' dir='ltr'>reprobi,</span> <span class='ocrx_word' id='word_1_148' title='bbox 717 1835 746 1885; x_wconf 91' lang='lat' dir='ltr'>et</span> <span class='ocrx_word' id='word_1_149' title='bbox 762 1845 874 1885; x_wconf 87' lang='lat' dir='ltr'>neccsse</span> <span class='ocrx_word' id='word_1_150' title='bbox 894 1836 936 1885; x_wconf 87' lang='lat' dir='ltr'>est</span> <span class='ocrx_word' id='word_1_151' title='bbox 947 1836 979 1884; x_wconf 89' lang='lat' dir='ltr'>ut</span> <span class='ocrx_word' id='word_1_152' title='bbox 990 1845 1084 1900; x_wconf 89' lang='lat' dir='ltr'>repro-</span> 
     </span>
    </p>

    <p class='ocr_par' dir='ltr' id='par_1_4' title="bbox 127 1905 1180 2668">
     <span class='ocr_line' id='line_1_19' title="bbox 127 1905 1085 1986; baseline -0.005 -12"><span class='ocrx_word' id='word_1_153' title='bbox 127 1905 129 1910; x_wconf 46' lang='grc'><em>’</em></span> <span class='ocrx_word' id='word_1_154' title='bbox 153 1953 155 1957; x_wconf 67' lang='lat'>,</span> <span class='ocrx_word' id='word_1_155' title='bbox 179 1917 229 1974; x_wconf 87' lang='lat' dir='ltr'>bos</span> <span class='ocrx_word' id='word_1_156' title='bbox 247 1918 330 1982; x_wconf 88' lang='lat' dir='ltr'>electi</span> <span class='ocrx_word' id='word_1_157' title='bbox 345 1915 470 1972; x_wconf 80' lang='lat' dir='ltr'>homines</span> <span class='ocrx_word' id='word_1_158' title='bbox 494 1921 663 1986; x_wconf 85' lang='lat' dir='ltr'>restaurent,</span> <span class='ocrx_word' id='word_1_159' title='bbox 690 1922 719 1970; x_wconf 92' lang='lat' dir='ltr'>et</span> <span class='ocrx_word' id='word_1_160' title='bbox 742 1921 835 1986; x_wconf 87' lang='lat' dir='ltr'>potest</span> <span class='ocrx_word' id='word_1_161' title='bbox 857 1915 917 1971; x_wconf 87' lang='lat' dir='ltr'>fieri</span> <span class='ocrx_word' id='word_1_162' title='bbox 942 1920 976 1970; x_wconf 89' lang='lat' dir='ltr'>ut</span> <span class='ocrx_word' id='word_1_163' title='bbox 990 1915 1085 1971; x_wconf 86' lang='lat' dir='ltr'>beato·</span> 
     </span>
     <span class='ocr_line' id='line_1_20' title="bbox 179 2001 1085 2072; baseline 0.002 -18"><span class='ocrx_word' id='word_1_164' title='bbox 179 2015 242 2054; x_wconf 81' lang='lat' dir='ltr'>rum</span> <span class='ocrx_word' id='word_1_165' title='bbox 264 2017 377 2055; x_wconf 89' lang='lat' dir='ltr'>numero</span> <span class='ocrx_word' id='word_1_166' title='bbox 401 2007 603 2072; x_wconf 81' lang='lat' dir='ltr'>coaequentur,</span> <span class='ocrx_word' id='word_1_167' title='bbox 631 2007 661 2058; x_wconf 89' lang='lat' dir='ltr'>et</span> <span class='ocrx_word' id='word_1_168' title='bbox 683 2001 724 2055; x_wconf 91' lang='lat' dir='ltr'>sic</span> <span class='ocrx_word' id='word_1_169' title='bbox 746 2001 842 2072; x_wconf 87' lang='lat' dir='ltr'>plures</span> <span class='ocrx_word' id='word_1_170' title='bbox 864 2006 945 2057; x_wconf 88' lang='lat' dir='ltr'>erunt</span> <span class='ocrx_word' id='word_1_171' title='bbox 961 2001 1085 2056; x_wconf 86' lang='lat' dir='ltr'>homines</span> 
     </span>
     <span class='ocr_line' id='line_1_21' title="bbox 179 2083 1136 2159; baseline -0.002 -21"><span class='ocrx_word' id='word_1_172' title='bbox 179 2083 247 2138; x_wconf 87' lang='lat' dir='ltr'>iusti</span> <span class='ocrx_word' id='word_1_173' title='bbox 265 2101 347 2155; x_wconf 87' lang='lat' dir='ltr'>quam</span> <span class='ocrx_word' id='word_1_174' title='bbox 365 2087 459 2158; x_wconf 82' lang='lat' dir='ltr'>angeli</span> <span class='ocrx_word' id='word_1_175' title='bbox 475 2086 580 2140; x_wconf 83' lang='lat' dir='ltr'>irrinsti.</span> <span class='ocrx_word' id='word_1_176' title='bbox 617 2083 672 2140; x_wconf 84' lang='lat' dir='ltr'>Sed</span> <span class='ocrx_word' id='word_1_177' title='bbox 691 2088 865 2154; x_wconf 82' lang='lat' dir='ltr'>memento,³)</span> <span class='ocrx_word' id='word_1_178' title='bbox 883 2103 938 2158; x_wconf 90' lang='lat' dir='ltr'>quo</span> <span class='ocrx_word' id='word_1_179' title='bbox 949 2094 1033 2159; x_wconf 90' lang='lat' dir='ltr'>pacto</span> <span class='ocrx_word' id='word_1_180' title='bbox 1044 2086 1085 2140; x_wconf 90' lang='lat' dir='ltr'>in·</span> <span class='ocrx_word' id='word_1_181' title='bbox 1102 2084 1136 2136; x_wconf 78' lang='lat'>42</span> 
     </span>
     <span class='ocr_line' id='line_1_22' title="bbox 180 2169 1180 2243; baseline -0.001 -18"><span class='ocrx_word' id='word_1_182' title='bbox 180 2169 242 2240; x_wconf 87' lang='lat' dir='ltr'>cepi</span> <span class='ocrx_word' id='word_1_183' title='bbox 260 2174 325 2224; x_wconf 84' lang='lat' dir='ltr'>tuae</span> <span class='ocrx_word' id='word_1_184' title='bbox 342 2172 509 2242; x_wconf 89' lang='lat' dir='ltr'>respondere</span> <span class='ocrx_word' id='word_1_185' title='bbox 526 2169 696 2243; x_wconf 80' lang='lat' dir='ltr'>quaestioni3</span> <span class='ocrx_word' id='word_1_186' title='bbox 720 2177 753 2225; x_wconf 93' lang='lat' dir='ltr'>ut</span> <span class='ocrx_word' id='word_1_187' title='bbox 769 2170 899 2226; x_wconf 84' lang='lat' dir='ltr'>videlicet</span> <span class='ocrx_word' id='word_1_188' title='bbox 918 2172 941 2223; x_wconf 89' lang='lat' dir='ltr'>si</span> <span class='ocrx_word' id='word_1_189' title='bbox 959 2171 1027 2241; x_wconf 91' lang='lat' dir='ltr'>quid</span> <span class='ocrx_word' id='word_1_190' title='bbox 1044 2169 1085 2224; x_wconf 93' lang='lat' dir='ltr'>di·</span> <span class='ocrx_word' id='word_1_191' title='bbox 1178 2211 1180 2218; x_wconf 93' lang='lat'>.</span> 
     </span>
     <span class='ocr_line' id='line_1_23' title="bbox 181 2254 1086 2325; baseline -0.001 -15"><span class='ocrx_word' id='word_1_192' title='bbox 181 2270 254 2325; x_wconf 85' lang='lat' dir='ltr'>xero,</span> <span class='ocrx_word' id='word_1_193' title='bbox 274 2255 349 2325; x_wconf 89' lang='lat' dir='ltr'>quod</span> <span class='ocrx_word' id='word_1_194' title='bbox 367 2256 454 2311; x_wconf 87' lang='lat' dir='ltr'>maior</span> <span class='ocrx_word' id='word_1_195' title='bbox 478 2273 535 2311; x_wconf 90' lang='lat' dir='ltr'>non</span> <span class='ocrx_word' id='word_1_196' title='bbox 559 2254 703 2311; x_wconf 85' lang='lat' dir='ltr'>confirmet</span> <span class='ocrx_word' id='word_1_197' title='bbox 720 2255 886 2323; x_wconf 80' lang='lat' dir='ltr'>auctoritas,</span> <span class='ocrx_word' id='word_1_198' title='bbox 911 2255 1036 2325; x_wconf 82' lang='lat' dir='ltr'>quamvis</span> <span class='ocrx_word' id='word_1_199' title='bbox 1054 2255 1086 2309; x_wconf 93' lang='lat' dir='ltr'>il·</span> 
     </span>
     <span class='ocr_line' id='line_1_24' title="bbox 181 2338 1087 2410; baseline -0.001 -16"><span class='ocrx_word' id='word_1_200' title='bbox 181 2340 231 2395; x_wconf 90' lang='lat' dir='ltr'>lud</span> <span class='ocrx_word' id='word_1_201' title='bbox 259 2338 368 2395; x_wconf 87' lang='lat' dir='ltr'>ratione</span> <span class='ocrx_word' id='word_1_202' title='bbox 393 2341 512 2410; x_wconf 87' lang='lat' dir='ltr'>probare</span> <span class='ocrx_word' id='word_1_203' title='bbox 534 2341 646 2410; x_wconf 88' lang='lat' dir='ltr'>videar,</span> <span class='ocrx_word' id='word_1_204' title='bbox 671 2356 728 2395; x_wconf 89' lang='lat' dir='ltr'>non</span> <span class='ocrx_word' id='word_1_205' title='bbox 750 2339 806 2393; x_wconf 88' lang='lat' dir='ltr'>alia</span> <span class='ocrx_word' id='word_1_206' title='bbox 826 2339 993 2395; x_wconf 88' lang='lat' dir='ltr'>certitudine</span> <span class='ocrx_word' id='word_1_207' title='bbox 1015 2339 1087 2394; x_wconf 90' lang='lat' dir='ltr'>acci·</span> 
     </span>
     <span class='ocr_line' id='line_1_25' title="bbox 182 2423 1087 2496; baseline -0.003 -15"><span class='ocrx_word' id='word_1_208' title='bbox 182 2425 291 2496; x_wconf 84' lang='lat' dir='ltr'>piatur,</span> <span class='ocrx_word' id='word_1_209' title='bbox 317 2424 371 2478; x_wconf 92' lang='lat' dir='ltr'>nisi</span> <span class='ocrx_word' id='word_1_210' title='bbox 395 2424 462 2495; x_wconf 86' lang='lat' dir='ltr'>quia</span> <span class='ocrx_word' id='word_1_211' title='bbox 484 2425 594 2480; x_wconf 90' lang='lat' dir='ltr'>interim</span> <span class='ocrx_word' id='word_1_212' title='bbox 621 2425 688 2480; x_wconf 91' lang='lat' dir='ltr'>mihi</span> <span class='ocrx_word' id='word_1_213' title='bbox 705 2425 746 2480; x_wconf 89' lang='lat' dir='ltr'>ita</span> <span class='ocrx_word' id='word_1_214' title='bbox 763 2423 887 2496; x_wconf 85' lang='lat' dir='ltr'>videtur,</span> <span class='ocrx_word' id='word_1_215' title='bbox 914 2426 1001 2480; x_wconf 90' lang='lat' dir='ltr'>donec</span> <span class='ocrx_word' id='word_1_216' title='bbox 1015 2423 1087 2478; x_wconf 82' lang='lat' dir='ltr'>&#39;mihi</span> 
     </span>
     <span class='ocr_line' id='line_1_26' title="bbox 181 2507 1137 2580; baseline 0.004 -16"><span class='ocrx_word' id='word_1_217' title='bbox 181 2510 261 2565; x_wconf 90' lang='lat' dir='ltr'>Deus</span> <span class='ocrx_word' id='word_1_218' title='bbox 278 2507 376 2564; x_wconf 88' lang='lat' dir='ltr'>melius</span> <span class='ocrx_word' id='word_1_219' title='bbox 394 2509 488 2580; x_wconf 82' lang='lat' dir='ltr'>aliquo</span> <span class='ocrx_word' id='word_1_220' title='bbox 506 2511 587 2566; x_wconf 87' lang='lat' dir='ltr'>modo</span> <span class='ocrx_word' id='word_1_221' title='bbox 605 2511 716 2568; x_wconf 86' lang='lat' dir='ltr'>revelet.</span> <span class='ocrx_word' id='word_1_222' title='bbox 752 2509 851 2566; x_wconf 82' lang='lat' dir='ltr'>Certus</span> <span class='ocrx_word' id='word_1_223' title='bbox 875 2510 948 2566; x_wconf 90' lang='lat' dir='ltr'>enim</span> <span class='ocrx_word' id='word_1_224' title='bbox 965 2527 1038 2580; x_wconf 90' lang='lat' dir='ltr'>sum,</span> <span class='ocrx_word' id='word_1_225' title='bbox 1063 2507 1087 2564; x_wconf 86' lang='lat' dir='ltr'>si</span> <span class='ocrx_word' id='word_1_226' title='bbox 1103 2517 1137 2568; x_wconf 82' lang='lat'>43</span> 
     </span>
     <span class='ocr_line' id='line_1_27' title="bbox 183 2593 1088 2668; baseline -0.002 -18"><span class='ocrx_word' id='word_1_227' title='bbox 183 2595 252 2668; x_wconf 86' lang='lat' dir='ltr'>quid</span> <span class='ocrx_word' id='word_1_228' title='bbox 270 2593 333 2650; x_wconf 91' lang='lat' dir='ltr'>dico</span> <span class='ocrx_word' id='word_1_229' title='bbox 352 2594 428 2665; x_wconf 88' lang='lat' dir='ltr'>quod</span> <span class='ocrx_word' id='word_1_230' title='bbox 452 2609 548 2650; x_wconf 83' lang='lat' dir='ltr'>sacrae</span> <span class='ocrx_word' id='word_1_231' title='bbox 575 2596 761 2666; x_wconf 79' lang='lat' dir='ltr'>scripturac⁴)</span> <span class='ocrx_word' id='word_1_232' title='bbox 787 2595 893 2666; x_wconf 88' lang='lat' dir='ltr'>absque</span> <span class='ocrx_word' id='word_1_233' title='bbox 905 2593 999 2651; x_wconf 82' lang='lat' dir='ltr'>dubio</span> <span class='ocrx_word' id='word_1_234' title='bbox 1024 2609 1088 2650; x_wconf 85' lang='lat' dir='ltr'>eon·</span> 
     </span>
    </p>
   </div>
   <div class='ocr_carea' id='block_1_3' title="bbox 188 2867 1094 3429">
    <p class='ocr_par' dir='ltr' id='par_1_5' title="bbox 218 2867 553 2935">
     <span class='ocr_line' id='line_1_28' title="bbox 218 2867 553 2935; baseline -0.009 -10"><span class='ocrx_word' id='word_1_235' title='bbox 218 2908 219 2916; x_wconf 14' lang='grc' dir='ltr'><strong>κ</strong></span> <span class='ocrx_word' id='word_1_236' title='bbox 255 2873 268 2924; x_wconf 91' lang='lat'>1</span> <span class='ocrx_word' id='word_1_237' title='bbox 298 2867 450 2924; x_wconf 69' lang='lat' dir='ltr'>nausson.</span> <span class='ocrx_word' id='word_1_238' title='bbox 469 2870 512 2935; x_wconf 81' lang='lat' dir='ltr'>aa,</span> <span class='ocrx_word' id='word_1_239' title='bbox 529 2869 553 2922; x_wconf 84' lang='lat' dir='ltr'>a.</span> 
     </span>
    </p>

    <p class='ocr_par' dir='ltr' id='par_1_6' title="bbox 254 2931 926 3009">
     <span class='ocr_line' id='line_1_29' title="bbox 254 2931 926 3009; baseline -0.004 -17"><span class='ocrx_word' id='word_1_240' title='bbox 254 2942 271 2992; x_wconf 85' lang='lat'><strong>2</strong></span> <span class='ocrx_word' id='word_1_241' title='bbox 302 2936 400 2992; x_wconf 85' lang='lat' dir='ltr'>LXX:</span> <span class='ocrx_word' id='word_1_242' title='bbox 421 2932 490 2990; x_wconf 78' lang='grc' dir='ltr'>κατὰ</span> <span class='ocrx_word' id='word_1_243' title='bbox 509 2931 634 3009; x_wconf 75' lang='grc' dir='ltr'><strong><em>ἀριθμὸν</em></strong></span> <span class='ocrx_word' id='word_1_244' title='bbox 652 2933 815 3006; x_wconf 75' lang='grc' dir='ltr'>ἀγγέλων</span> <span class='ocrx_word' id='word_1_245' title='bbox 830 2935 926 2990; x_wconf 71' lang='grc' dir='ltr'><strong><em>θεοῦ.</em></strong></span> 
     </span>
    </p>

    <p class='ocr_par' dir='ltr' id='par_1_7' title="bbox 255 3005 1010 3079">
     <span class='ocr_line' id='line_1_30' title="bbox 255 3005 1010 3079; baseline -0.003 -19"><span class='ocrx_word' id='word_1_246' title='bbox 255 3007 282 3074; x_wconf 85' lang='grc'>3)</span> <span class='ocrx_word' id='word_1_247' title='bbox 302 3005 377 3062; x_wconf 86' lang='lat' dir='ltr'>Vide</span> <span class='ocrx_word' id='word_1_248' title='bbox 397 3021 430 3059; x_wconf 85' lang='lat' dir='ltr'>su</span> <span class='ocrx_word' id='word_1_249' title='bbox 450 3020 482 3061; x_wconf 83' lang='lat' dir='ltr'>ra</span> <span class='ocrx_word' id='word_1_250' title='bbox 500 3021 523 3058; x_wconf 92' lang='lat' dir='ltr'>c.</span> <span class='ocrx_word' id='word_1_251' title='bbox 540 3008 565 3074; x_wconf 77' lang='lat'>2,</span> <span class='ocrx_word' id='word_1_252' title='bbox 583 3009 607 3059; x_wconf 82' lang='lat'>9.</span> <span class='ocrx_word' id='word_1_253' title='bbox 1003 3066 1010 3079; x_wconf 50' lang='grc'><em>,</em></span> 
     </span>
    </p>

    <p class='ocr_par' dir='ltr' id='par_1_8' title="bbox 188 3066 1094 3429">
     <span class='ocr_line' id='line_1_31' title="bbox 256 3066 1091 3145; baseline -0.005 -17"><span class='ocrx_word' id='word_1_254' title='bbox 256 3075 284 3142; x_wconf 79' lang='grc'>4)</span> <span class='ocrx_word' id='word_1_255' title='bbox 303 3073 400 3144; x_wconf 54' lang='lat' dir='ltr'>,dicut</span> <span class='ocrx_word' id='word_1_256' title='bbox 446 3089 496 3130; x_wconf 90' lang='lat' dir='ltr'>eus</span> <span class='ocrx_word' id='word_1_257' title='bbox 513 3072 543 3128; x_wconf 88' lang='lat' dir='ltr'>in</span> <span class='ocrx_word' id='word_1_258' title='bbox 560 3069 696 3145; x_wconf 89' lang='lat' dir='ltr'>principio</span> <span class='ocrx_word' id='word_1_259' title='bbox 714 3087 765 3142; x_wconf 86' lang='lat' dir='ltr'>per</span> <span class='ocrx_word' id='word_1_260' title='bbox 776 3068 941 3125; x_wconf 88' lang='lat' dir='ltr'>miraculum</span> <span class='ocrx_word' id='word_1_261' title='bbox 956 3066 1091 3124; x_wconf 83' lang='lat' dir='ltr'>fecrtfru·</span> 
     </span>
     <span class='ocr_line' id='line_1_32' title="bbox 190 3137 1092 3218; baseline -0.004 -21"><span class='ocrx_word' id='word_1_262' title='bbox 190 3146 313 3197; x_wconf 88' lang='lat' dir='ltr'>mentum</span> <span class='ocrx_word' id='word_1_263' title='bbox 337 3147 367 3198; x_wconf 88' lang='lat' dir='ltr'>et</span> <span class='ocrx_word' id='word_1_264' title='bbox 386 3141 443 3197; x_wconf 85' lang='lat' dir='ltr'>alia</span> <span class='ocrx_word' id='word_1_265' title='bbox 465 3142 502 3198; x_wconf 88' lang='lat' dir='ltr'>de</span> <span class='ocrx_word' id='word_1_266' title='bbox 517 3148 593 3198; x_wconf 86' lang='lat' dir='ltr'>terra</span> <span class='ocrx_word' id='word_1_267' title='bbox 609 3139 752 3197; x_wconf 85' lang='lat' dir='ltr'>nascentia</span> <span class='ocrx_word' id='word_1_268' title='bbox 771 3139 809 3194; x_wconf 86' lang='lat' dir='ltr'>ad</span> <span class='ocrx_word' id='word_1_269' title='bbox 826 3137 988 3205; x_wconf 86' lang='lat' dir='ltr'>alimentum</span> <span class='ocrx_word' id='word_1_270' title='bbox 1004 3137 1092 3218; x_wconf 77' lang='lat' dir='ltr'>homi·</span> 
     </span>
     <span class='ocr_line' id='line_1_33' title="bbox 189 3205 1094 3280; baseline -0.004 -14"><span class='ocrx_word' id='word_1_271' title='bbox 189 3226 258 3266; x_wconf 90' lang='lat' dir='ltr'>num</span> <span class='ocrx_word' id='word_1_272' title='bbox 278 3209 338 3264; x_wconf 90' lang='lat' dir='ltr'>sine</span> <span class='ocrx_word' id='word_1_273' title='bbox 355 3211 461 3267; x_wconf 89' lang='lat' dir='ltr'>cultore</span> <span class='ocrx_word' id='word_1_274' title='bbox 477 3216 506 3266; x_wconf 91' lang='lat' dir='ltr'>et</span> <span class='ocrx_word' id='word_1_275' title='bbox 523 3209 685 3280; x_wconf 87' lang='lat' dir='ltr'>seminibus,</span> <span class='ocrx_word' id='word_1_276' title='bbox 701 3211 742 3265; x_wconf 90' lang='lat' dir='ltr'>ita</span> <span class='ocrx_word' id='word_1_277' title='bbox 759 3208 818 3264; x_wconf 88' lang='lat' dir='ltr'>sine</span> <span class='ocrx_word' id='word_1_278' title='bbox 834 3206 955 3260; x_wconf 87' lang='lat' dir='ltr'>humana</span> <span class='ocrx_word' id='word_1_279' title='bbox 968 3205 1094 3262; x_wconf 79' lang='lat' dir='ltr'>doctrma</span> 
     </span>
     <span class='ocr_line' id='line_1_34' title="bbox 189 3273 1093 3350; baseline -0.004 -16"><span class='ocrx_word' id='word_1_280' title='bbox 189 3278 353 3334; x_wconf 80' lang='lat' dir='ltr'>mirabiliter</span> <span class='ocrx_word' id='word_1_281' title='bbox 380 3278 448 3334; x_wconf 87' lang='lat' dir='ltr'>fecit</span> <span class='ocrx_word' id='word_1_282' title='bbox 471 3278 557 3334; x_wconf 87' lang='lat' dir='ltr'>corda</span> <span class='ocrx_word' id='word_1_283' title='bbox 597 3277 776 3350; x_wconf 81' lang='lat' dir='ltr'>rophetarum</span> <span class='ocrx_word' id='word_1_284' title='bbox 792 3281 820 3332; x_wconf 87' lang='lat' dir='ltr'>et</span> <span class='ocrx_word' id='word_1_285' title='bbox 890 3273 1023 3330; x_wconf 85' lang='lat' dir='ltr'>stolorum</span> <span class='ocrx_word' id='word_1_286' title='bbox 1040 3290 1093 3330; x_wconf 87' lang='lat' dir='ltr'>ncc</span> 
     </span>
     <span class='ocr_line' id='line_1_35' title="bbox 188 3297 1092 3429; baseline -0.007 -25"><span class='ocrx_word' id='word_1_287' title='bbox 188 3365 246 3404; x_wconf 86' lang='lat' dir='ltr'>non</span> <span class='ocrx_word' id='word_1_288' title='bbox 272 3353 301 3403; x_wconf 92' lang='lat' dir='ltr'>ct</span> <span class='ocrx_word' id='word_1_289' title='bbox 326 3347 558 3429; x_wconf 73' lang='lat' dir='ltr'>evangelistam</span> <span class='ocrx_word' id='word_1_290' title='bbox 577 3297 718 3404; x_wconf 50' lang='lat' dir='ltr'>foecunda</span> <span class='ocrx_word' id='word_1_291' title='bbox 740 3345 856 3402; x_wconf 79' lang='lat' dir='ltr'>salutari</span> <span class='ocrx_word' id='word_1_292' title='bbox 875 3359 909 3398; x_wconf 87' lang='lat' dir='ltr'>us</span> <span class='ocrx_word' id='word_1_293' title='bbox 927 3344 1092 3402; x_wconf 84' lang='lat' dir='ltr'>seminibus:</span> 
     </span>
    </p>
   </div>
   <div class='ocr_carea' id='block_1_4' title="bbox 893 3428 942 3500">
    <p class='ocr_par' dir='ltr' id='par_1_9' title="bbox 893 3428 942 3500">
     <span class='ocr_line' id='line_1_36' title="bbox 893 3428 942 3500; baseline 0 0"><span class='ocrx_word' id='word_1_294' title='bbox 893 3428 942 3500; x_wconf 80' lang='lat' dir='ltr'>l3*</span> 
     </span>
    </p>
   </div>
   <div class='ocr_carea' id='block_1_5' title="bbox 0 0 1331 3810">
    <p class='ocr_par' dir='ltr' id='par_1_10' title="bbox 0 0 1331 3810">
     <span class='ocr_line' id='line_1_37' title="bbox 0 0 1331 3810; baseline 0 0"><span class='ocrx_word' id='word_1_295' title='bbox 0 0 1331 3810; x_wconf 95' lang='lat' dir='ltr'> </span> 
     </span>
    </p>
   </div>
  </div>
 </body>
</html>
