<?xml version="1.0" encoding="UTF-8"?>
<!DOCTYPE html PUBLIC "-//W3C//DTD XHTML 1.0 Transitional//EN"
    "http://www.w3.org/TR/xhtml1/DTD/xhtml1-transitional.dtd">
<html xmlns="http://www.w3.org/1999/xhtml" xml:lang="en" lang="en">
 <head>
  <title>
</title>
<meta http-equiv="Content-Type" content="text/html;charset=utf-8" />
  <meta name='ocr-system' content='tesseract 3.04.00' />
  <meta name='ocr-capabilities' content='ocr_page ocr_carea ocr_par ocr_line ocrx_word'/>
</head>
<body>
  <div class='ocr_page' id='page_1' title='image "./sanselmicantuar00laemgoog_0117.png"; bbox 0 0 2628 3810; ppageno 0'>
   <div class='ocr_carea' id='block_1_1' title="bbox 210 257 947 330">
    <p class='ocr_par' dir='ltr' id='par_1_1' title="bbox 210 257 947 330">
     <span class='ocr_line' id='line_1_1' title="bbox 210 257 947 330; baseline -0.004 -9"><span class='ocrx_word' id='word_1_1' title='bbox 210 263 252 330; x_wconf 76' lang='lat'><strong>92</strong></span> <span class='ocrx_word' id='word_1_2' title='bbox 373 259 591 320; x_wconf 61' lang='lat' dir='ltr'><strong>sensnm</strong></span> <span class='ocrx_word' id='word_1_3' title='bbox 611 257 750 318; x_wconf 82' lang='lat' dir='ltr'><strong>O.D.H.</strong></span> <span class='ocrx_word' id='word_1_4' title='bbox 785 259 828 317; x_wconf 75' lang='lat' dir='ltr'><strong>lL&#39;</strong></span> <span class='ocrx_word' id='word_1_5' title='bbox 843 265 885 318; x_wconf 81' lang='lat'><strong>21.</strong></span> <span class='ocrx_word' id='word_1_6' title='bbox 905 265 947 318; x_wconf 64' lang='grc' dir='ltr'><strong>Ὠ.</strong></span> 
     </span>
    </p>
   </div>
   <div class='ocr_carea' id='block_1_2' title="bbox 173 430 1112 854">
    <p class='ocr_par' dir='ltr' id='par_1_2' title="bbox 173 430 1112 854">
     <span class='ocr_line' id='line_1_2' title="bbox 173 430 1111 504; baseline 0.005 -21"><span class='ocrx_word' id='word_1_7' title='bbox 173 431 393 502; x_wconf 74' lang='lat' dir='ltr'><strong>boonvineitur,</strong></span> <span class='ocrx_word' id='word_1_8' title='bbox 424 431 491 504; x_wconf 84' lang='lat' dir='ltr'><strong>quia</strong></span> <span class='ocrx_word' id='word_1_9' title='bbox 521 431 723 488; x_wconf 73' lang='lat' dir='ltr'><strong>rationabiliter</strong></span> <span class='ocrx_word' id='word_1_10' title='bbox 753 431 899 504; x_wconf 71' lang='lat' dir='ltr'><strong>decipitur.</strong></span> <span class='ocrx_word' id='word_1_11' title='bbox 943 430 1025 496; x_wconf 78' lang='lat' dir='ltr'><strong>Quod</strong></span> <span class='ocrx_word' id='word_1_12' title='bbox 1053 445 1111 488; x_wconf 88' lang='lat' dir='ltr'><strong>non</strong></span> 
     </span>
     <span class='ocr_line' id='line_1_3' title="bbox 206 515 1112 590; baseline 0 -18"><span class='ocrx_word' id='word_1_13' title='bbox 206 517 282 588; x_wconf 87' lang='lat' dir='ltr'><strong>dieo,</strong></span> <span class='ocrx_word' id='word_1_14' title='bbox 314 519 393 590; x_wconf 84' lang='lat' dir='ltr'><strong>quasi</strong></span> <span class='ocrx_word' id='word_1_15' title='bbox 419 518 539 589; x_wconf 86' lang='lat' dir='ltr'><strong>pretium</strong></span> <span class='ocrx_word' id='word_1_16' title='bbox 566 518 661 572; x_wconf 91' lang='lat' dir='ltr'><strong>mortis</strong></span> <span class='ocrx_word' id='word_1_17' title='bbox 687 519 745 574; x_wconf 88' lang='lat' dir='ltr'><strong>eius</strong></span> <span class='ocrx_word' id='word_1_18' title='bbox 771 519 898 575; x_wconf 90' lang='lat' dir='ltr'><strong>omnibus</strong></span> <span class='ocrx_word' id='word_1_19' title='bbox 920 515 1064 572; x_wconf 86' lang='lat' dir='ltr'><strong>hominum</strong></span> <span class='ocrx_word' id='word_1_20' title='bbox 1083 524 1112 573; x_wconf 88' lang='lat' dir='ltr'><strong>et</strong></span> 
     </span>
     <span class='ocr_line' id='line_1_4' title="bbox 205 602 1111 678; baseline -0.002 -18"><span class='ocrx_word' id='word_1_21' title='bbox 205 604 367 678; x_wconf 81' lang='lat' dir='ltr'><strong>angelorum</strong></span> <span class='ocrx_word' id='word_1_22' title='bbox 400 602 523 675; x_wconf 79' lang='lat' dir='ltr'><strong>pereatis</strong></span> <span class='ocrx_word' id='word_1_23' title='bbox 551 619 616 658; x_wconf 83' lang='lat' dir='ltr'><strong>sua-</strong></span> <span class='ocrx_word' id='word_1_24' title='bbox 632 602 825 674; x_wconf 73' lang='lat' dir='ltr'><strong>magnitudine</strong></span> <span class='ocrx_word' id='word_1_25' title='bbox 857 619 914 664; x_wconf 86' lang='lat' dir='ltr'><strong>nou</strong></span> <span class='ocrx_word' id='word_1_26' title='bbox 942 603 1111 675; x_wconf 82' lang='lat' dir='ltr'><strong>praevaleat,</strong></span> 
     </span>
     <span class='ocr_line' id='line_1_5' title="bbox 205 688 1111 762; baseline -0.001 -16"><span class='ocrx_word' id='word_1_27' title='bbox 205 689 403 762; x_wconf 84' lang='lat' dir='ltr'><strong>sedquoniam</strong></span> <span class='ocrx_word' id='word_1_28' title='bbox 426 688 596 760; x_wconf 83' lang='lat' dir='ltr'><strong>perditorum</strong></span> <span class='ocrx_word' id='word_1_29' title='bbox 620 689 781 760; x_wconf 74' lang='lat' dir='ltr'><strong>angelomum</strong></span> <span class='ocrx_word' id='word_1_30' title='bbox 804 688 968 745; x_wconf 75' lang='lat' dir='ltr'><strong>relevationi</strong></span> <span class='ocrx_word' id='word_1_31' title='bbox 984 688 1111 746; x_wconf 86' lang='lat' dir='ltr'><strong>immuta·</strong></span> 
     </span>
     <span class='ocr_line' id='line_1_6' title="bbox 205 775 764 854; baseline -0.007 -22"><span class='ocrx_word' id='word_1_32' title='bbox 205 776 270 832; x_wconf 90' lang='lat' dir='ltr'><strong>bilis</strong></span> <span class='ocrx_word' id='word_1_33' title='bbox 287 775 359 854; x_wconf 69' lang='lat' dir='ltr'><strong>ratio</strong></span> <span class='ocrx_word' id='word_1_34' title='bbox 375 781 522 847; x_wconf 78' lang='lat' dir='ltr'><strong>repugnat.</strong></span> <span class='ocrx_word' id='word_1_35' title='bbox 758 786 764 796; x_wconf 52' lang='lat'>⁸</span> 
     </span>
    </p>
   </div>
   <div class='ocr_carea' id='block_1_3' title="bbox 112 931 1191 2388">
    <p class='ocr_par' dir='ltr' id='par_1_3' title="bbox 173 931 1191 1206">
     <span class='ocr_line' id='line_1_7' title="bbox 173 931 1112 1034; baseline -0.002 -16"><span class='ocrx_word' id='word_1_36' title='bbox 173 961 186 1011; x_wconf 93' lang='lat'>1</span> <span class='ocrx_word' id='word_1_37' title='bbox 282 931 349 1018; x_wconf 68' lang='lat'><strong>22·</strong></span> <span class='ocrx_word' id='word_1_38' title='bbox 398 965 468 1017; x_wconf 61' lang='lat' dir='ltr'><strong>eos.</strong></span> <span class='ocrx_word' id='word_1_39' title='bbox 497 958 686 1015; x_wconf 57' lang='lat' dir='ltr'><strong>eleemona</strong></span> <span class='ocrx_word' id='word_1_40' title='bbox 707 967 735 1017; x_wconf 79' lang='lat' dir='ltr'><strong>et</strong></span> <span class='ocrx_word' id='word_1_41' title='bbox 752 961 854 1034; x_wconf 85' lang='lat' dir='ltr'><strong>quibus</strong></span> <span class='ocrx_word' id='word_1_42' title='bbox 871 960 940 1016; x_wconf 76' lang='lat' dir='ltr'><strong>um</strong></span> <span class='ocrx_word' id='word_1_43' title='bbox 959 961 1112 1017; x_wconf 63' lang='lat' dir='ltr'><strong>contami</strong></span> 
     </span>
     <span class='ocr_line' id='line_1_8' title="bbox 205 1045 1112 1120; baseline -0.002 -17"><span class='ocrx_word' id='word_1_44' title='bbox 205 1048 309 1120; x_wconf 86' lang='lat' dir='ltr'><strong>possit,</strong></span> <span class='ocrx_word' id='word_1_45' title='bbox 337 1065 409 1120; x_wconf 84' lang='lat' dir='ltr'><strong>quae</strong></span> <span class='ocrx_word' id='word_1_46' title='bbox 436 1047 505 1102; x_wconf 90' lang='lat' dir='ltr'><strong>diois</strong></span> <span class='ocrx_word' id='word_1_47' title='bbox 533 1045 625 1101; x_wconf 88' lang='lat' dir='ltr'><strong>omnia</strong></span> <span class='ocrx_word' id='word_1_48' title='bbox 650 1045 718 1100; x_wconf 91' lang='lat' dir='ltr'><strong>mihi</strong></span> <span class='ocrx_word' id='word_1_49' title='bbox 744 1047 890 1118; x_wconf 57' lang='lat' dir='ltr'><strong>videntum</strong></span> <span class='ocrx_word' id='word_1_50' title='bbox 916 1053 945 1102; x_wconf 88' lang='lat' dir='ltr'><strong>et</strong></span> <span class='ocrx_word' id='word_1_51' title='bbox 959 1064 1011 1117; x_wconf 86' lang='lat' dir='ltr'><strong>per</strong></span> <span class='ocrx_word' id='word_1_52' title='bbox 1029 1047 1112 1102; x_wconf 89' lang='lat' dir='ltr'><strong>unius</strong></span> 
     </span>
     <span class='ocr_line' id='line_1_9' title="bbox 206 1130 1191 1206; baseline -0.003 -18"><span class='ocrx_word' id='word_1_53' title='bbox 206 1135 376 1206; x_wconf 77' lang='lat' dir='ltr'><strong>quaestionis</strong></span> <span class='ocrx_word' id='word_1_54' title='bbox 399 1149 483 1205; x_wconf 89' lang='lat' dir='ltr'><strong>quam</strong></span> <span class='ocrx_word' id='word_1_55' title='bbox 506 1132 700 1204; x_wconf 81' lang='lat' dir='ltr'><strong>proposuimus</strong></span> <span class='ocrx_word' id='word_1_56' title='bbox 722 1132 900 1196; x_wconf 88' lang='lat' dir='ltr'><strong>solutionem,</strong></span> <span class='ocrx_word' id='word_1_57' title='bbox 927 1130 1063 1204; x_wconf 89' lang='lat' dir='ltr'><strong>quidquid</strong></span> <span class='ocrx_word' id='word_1_58' title='bbox 1082 1131 1111 1186; x_wconf 90' lang='lat' dir='ltr'><strong>iu</strong></span> <span class='ocrx_word' id='word_1_59' title='bbox 1165 1148 1191 1172; x_wconf 75' lang='lat'><strong>⁶·</strong></span> 
     </span>
    </p>

    <p class='ocr_par' dir='ltr' id='par_1_4' title="bbox 112 1216 1111 1290">
     <span class='ocr_line' id='line_1_10' title="bbox 112 1216 1111 1290; baseline -0.004 -16"><span class='ocrx_word' id='word_1_60' title='bbox 112 1280 114 1284; x_wconf 46' lang='grc'>,</span> <span class='ocrx_word' id='word_1_61' title='bbox 205 1236 277 1274; x_wconf 87' lang='lat' dir='ltr'><strong>novo</strong></span> <span class='ocrx_word' id='word_1_62' title='bbox 307 1217 449 1290; x_wconf 77' lang='lat' dir='ltr'><strong>veterique</strong></span> <span class='ocrx_word' id='word_1_63' title='bbox 475 1217 652 1274; x_wconf 84' lang='lat' dir='ltr'><strong>Testamento</strong></span> <span class='ocrx_word' id='word_1_64' title='bbox 680 1218 838 1275; x_wconf 81' lang='lat' dir='ltr'><strong>continetur</strong></span> <span class='ocrx_word' id='word_1_65' title='bbox 860 1217 1009 1290; x_wconf 87' lang='lat' dir='ltr'><strong>probatum</strong></span> <span class='ocrx_word' id='word_1_66' title='bbox 1032 1216 1111 1272; x_wconf 85' lang='lat' dir='ltr'><strong>intel·</strong></span> 
     </span>
    </p>

    <p class='ocr_par' dir='ltr' id='par_1_5' title="bbox 171 1302 1131 1888">
     <span class='ocr_line' id='line_1_11' title="bbox 171 1302 1111 1376; baseline -0.001 -19"><span class='ocrx_word' id='word_1_67' title='bbox 171 1306 187 1357; x_wconf 82' lang='lat'>2</span> <span class='ocrx_word' id='word_1_68' title='bbox 205 1305 269 1376; x_wconf 84' lang='lat' dir='ltr'><strong>ligo.</strong></span> <span class='ocrx_word' id='word_1_69' title='bbox 305 1303 376 1360; x_wconf 83' lang='lat' dir='ltr'><strong>Oum</strong></span> <span class='ocrx_word' id='word_1_70' title='bbox 396 1303 471 1359; x_wconf 88' lang='lat' dir='ltr'><strong>enim</strong></span> <span class='ocrx_word' id='word_1_71' title='bbox 495 1302 653 1375; x_wconf 87' lang='lat' dir='ltr'><strong>sioprobes</strong></span> <span class='ocrx_word' id='word_1_72' title='bbox 670 1303 840 1360; x_wconf 87' lang='lat' dir='ltr'><strong>Deumfieri</strong></span> <span class='ocrx_word' id='word_1_73' title='bbox 858 1302 1047 1358; x_wconf 89' lang='lat' dir='ltr'><strong>hominemex</strong></span> <span class='ocrx_word' id='word_1_74' title='bbox 1063 1317 1111 1356; x_wconf 90' lang='lat' dir='ltr'><strong>ne·</strong></span> 
     </span>
     <span class='ocr_line' id='line_1_12' title="bbox 205 1388 1131 1462; baseline -0.006 -17"><span class='ocrx_word' id='word_1_75' title='bbox 205 1390 344 1460; x_wconf 84' lang='lat' dir='ltr'><strong>cessitate,</strong></span> <span class='ocrx_word' id='word_1_76' title='bbox 361 1395 393 1445; x_wconf 93' lang='lat' dir='ltr'><strong>ut</strong></span> <span class='ocrx_word' id='word_1_77' title='bbox 413 1389 496 1444; x_wconf 88' lang='lat' dir='ltr'><strong>etiam</strong></span> <span class='ocrx_word' id='word_1_78' title='bbox 513 1389 537 1444; x_wconf 92' lang='lat' dir='ltr'><strong>si</strong></span> <span class='ocrx_word' id='word_1_79' title='bbox 556 1396 748 1444; x_wconf 82' lang='lat' dir='ltr'><strong>removeantur</strong></span> <span class='ocrx_word' id='word_1_80' title='bbox 764 1407 857 1462; x_wconf 85' lang='lat' dir='ltr'><strong>pauca</strong></span> <span class='ocrx_word' id='word_1_81' title='bbox 877 1406 948 1461; x_wconf 85' lang='lat' dir='ltr'><strong>quae</strong></span> <span class='ocrx_word' id='word_1_82' title='bbox 962 1389 998 1442; x_wconf 85' lang='lat' dir='ltr'><strong>de</strong></span> <span class='ocrx_word' id='word_1_83' title='bbox 1009 1388 1111 1442; x_wconf 89' lang='lat' dir='ltr'><strong>nostris</strong></span> <span class='ocrx_word' id='word_1_84' title='bbox 1130 1433 1131 1438; x_wconf 73' lang='grc'>,</span> 
     </span>
     <span class='ocr_line' id='line_1_13' title="bbox 204 1473 1111 1547; baseline 0 -16"><span class='ocrx_word' id='word_1_85' title='bbox 204 1475 283 1531; x_wconf 90' lang='lat' dir='ltr'><strong>libris</strong></span> <span class='ocrx_word' id='word_1_86' title='bbox 309 1474 426 1547; x_wconf 88' lang='lat' dir='ltr'><strong>posuisti</strong></span> <span class='ocrx_word' id='word_1_87' title='bbox 452 1476 495 1543; x_wconf 88' lang='lat' dir='ltr'><strong>(ut</strong></span> <span class='ocrx_word' id='word_1_88' title='bbox 522 1475 597 1546; x_wconf 87' lang='lat' dir='ltr'><strong>quod</strong></span> <span class='ocrx_word' id='word_1_89' title='bbox 623 1475 664 1531; x_wconf 89' lang='lat' dir='ltr'><strong>de·</strong></span> <span class='ocrx_word' id='word_1_90' title='bbox 683 1475 772 1531; x_wconf 86' lang='lat' dir='ltr'><strong>tribue</strong></span> <span class='ocrx_word' id='word_1_91' title='bbox 801 1474 926 1547; x_wconf 86' lang='lat' dir='ltr'><strong>personis</strong></span> <span class='ocrx_word' id='word_1_92' title='bbox 943 1473 998 1529; x_wconf 88' lang='lat' dir='ltr'><strong>Dei</strong></span> <span class='ocrx_word' id='word_1_93' title='bbox 1023 1479 1051 1528; x_wconf 86' lang='lat' dir='ltr'><strong>ot</strong></span> <span class='ocrx_word' id='word_1_94' title='bbox 1076 1473 1111 1531; x_wconf 90' lang='lat' dir='ltr'><strong>de</strong></span> 
     </span>
     <span class='ocr_line' id='line_1_14' title="bbox 204 1559 1111 1633; baseline -0.006 -15"><span class='ocrx_word' id='word_1_95' title='bbox 204 1563 297 1618; x_wconf 81' lang='lat' dir='ltr'><strong>Adam</strong></span> <span class='ocrx_word' id='word_1_96' title='bbox 319 1560 448 1633; x_wconf 80' lang='lat' dir='ltr'><strong>tetigisti)</strong></span> <span class='ocrx_word' id='word_1_97' title='bbox 473 1577 529 1614; x_wconf 92' lang='lat' dir='ltr'><strong>non</strong></span> <span class='ocrx_word' id='word_1_98' title='bbox 553 1561 644 1616; x_wconf 87' lang='lat' dir='ltr'><strong>solum</strong></span> <span class='ocrx_word' id='word_1_99' title='bbox 666 1562 778 1618; x_wconf 91' lang='lat' dir='ltr'><strong>Iudaeis</strong></span> <span class='ocrx_word' id='word_1_100' title='bbox 804 1563 855 1618; x_wconf 86' lang='lat' dir='ltr'><strong>sed</strong></span> <span class='ocrx_word' id='word_1_101' title='bbox 881 1559 964 1615; x_wconf 86' lang='lat' dir='ltr'><strong>etiam</strong></span> <span class='ocrx_word' id='word_1_102' title='bbox 987 1559 1111 1631; x_wconf 79' lang='lat' dir='ltr'><strong>Paganis</strong></span> 
     </span>
     <span class='ocr_line' id='line_1_15' title="bbox 204 1644 1111 1724; baseline -0.003 -22"><span class='ocrx_word' id='word_1_103' title='bbox 204 1648 263 1702; x_wconf 86' lang='lat' dir='ltr'><strong>sola</strong></span> <span class='ocrx_word' id='word_1_104' title='bbox 280 1646 389 1702; x_wconf 87' lang='lat' dir='ltr'><strong>ratione</strong></span> <span class='ocrx_word' id='word_1_105' title='bbox 407 1644 580 1716; x_wconf 79' lang='lat' dir='ltr'><strong>satisfacias;</strong></span> <span class='ocrx_word' id='word_1_106' title='bbox 599 1651 628 1702; x_wconf 89' lang='lat' dir='ltr'><strong>et</strong></span> <span class='ocrx_word' id='word_1_107' title='bbox 646 1647 711 1724; x_wconf 47' lang='lat' dir='ltr'><strong>ipse,</strong></span> <span class='ocrx_word' id='word_1_108' title='bbox 725 1648 799 1703; x_wconf 86' lang='lat' dir='ltr'><strong>idem</strong></span> <span class='ocrx_word' id='word_1_109' title='bbox 811 1647 888 1704; x_wconf 89' lang='lat' dir='ltr'><strong>Deus</strong></span> <span class='ocrx_word' id='word_1_110' title='bbox 908 1645 991 1700; x_wconf 92' lang='lat' dir='ltr'><strong>homo</strong></span> <span class='ocrx_word' id='word_1_111' title='bbox 1009 1661 1111 1700; x_wconf 82' lang='lat' dir='ltr'><strong>novum</strong></span> 
     </span>
     <span class='ocr_line' id='line_1_16' title="bbox 205 1731 1111 1802; baseline -0.002 -14"><span class='ocrx_word' id='word_1_112' title='bbox 205 1733 308 1789; x_wconf 84' lang='lat' dir='ltr'><strong>condat</strong></span> <span class='ocrx_word' id='word_1_113' title='bbox 324 1735 520 1788; x_wconf 86' lang='lat' dir='ltr'><strong>testamentum</strong></span> <span class='ocrx_word' id='word_1_114' title='bbox 540 1736 568 1786; x_wconf 87' lang='lat' dir='ltr'><strong>et</strong></span> <span class='ocrx_word' id='word_1_115' title='bbox 584 1736 665 1786; x_wconf 87' lang='lat' dir='ltr'><strong>vetus</strong></span> <span class='ocrx_word' id='word_1_116' title='bbox 685 1733 835 1802; x_wconf 80' lang='lat' dir='ltr'><strong>approbet:</strong></span> <span class='ocrx_word' id='word_1_117' title='bbox 865 1731 938 1800; x_wconf 85' lang='lat' dir='ltr'><strong>sieut</strong></span> <span class='ocrx_word' id='word_1_118' title='bbox 954 1731 1047 1802; x_wconf 91' lang='lat' dir='ltr'><strong>ipsum</strong></span> <span class='ocrx_word' id='word_1_119' title='bbox 1064 1747 1111 1786; x_wconf 87' lang='lat' dir='ltr'><strong>ve-</strong></span> 
     </span>
     <span class='ocr_line' id='line_1_17' title="bbox 203 1809 1110 1888; baseline -0.006 -15"><span class='ocrx_word' id='word_1_120' title='bbox 203 1835 297 1874; x_wconf 86' lang='lat' dir='ltr'><strong>raoem</strong></span> <span class='ocrx_word' id='word_1_121' title='bbox 316 1834 377 1872; x_wconf 90' lang='lat' dir='ltr'><strong>esse</strong></span> <span class='ocrx_word' id='word_1_122' title='bbox 393 1809 508 1871; x_wconf 83' lang='lat' dir='ltr'><strong>neeesse</strong></span> <span class='ocrx_word' id='word_1_123' title='bbox 529 1821 571 1870; x_wconf 91' lang='lat' dir='ltr'><strong>est</strong></span> <span class='ocrx_word' id='word_1_124' title='bbox 593 1815 732 1887; x_wconf 76' lang='lat' dir='ltr'><strong>confiteri,</strong></span> <span class='ocrx_word' id='word_1_125' title='bbox 758 1817 798 1874; x_wconf 82' lang='lat' dir='ltr'><strong>ita</strong></span> <span class='ocrx_word' id='word_1_126' title='bbox 822 1817 892 1872; x_wconf 89' lang='lat' dir='ltr'><strong>nihil</strong></span> <span class='ocrx_word' id='word_1_127' title='bbox 916 1815 991 1888; x_wconf 89' lang='lat' dir='ltr'><strong>quod</strong></span> <span class='ocrx_word' id='word_1_128' title='bbox 1008 1815 1038 1870; x_wconf 86' lang='lat' dir='ltr'><strong>in</strong></span> <span class='ocrx_word' id='word_1_129' title='bbox 1055 1814 1110 1869; x_wconf 91' lang='lat' dir='ltr'><strong>illis</strong></span> 
     </span>
    </p>

    <p class='ocr_par' dir='ltr' id='par_1_6' title="bbox 169 1892 1111 2388">
     <span class='ocr_line' id='line_1_18' title="bbox 169 1892 1109 1972; baseline -0.002 -14"><span class='ocrx_word' id='word_1_130' title='bbox 169 1893 376 1972; x_wconf 54' lang='lat' dir='ltr'><strong>boontinetum</strong></span> <span class='ocrx_word' id='word_1_131' title='bbox 412 1915 509 1954; x_wconf 85' lang='lat' dir='ltr'><strong>verum</strong></span> <span class='ocrx_word' id='word_1_132' title='bbox 537 1915 598 1954; x_wconf 86' lang='lat' dir='ltr'><strong>esse</strong></span> <span class='ocrx_word' id='word_1_133' title='bbox 628 1905 721 1970; x_wconf 89' lang='lat' dir='ltr'><strong>potest</strong></span> <span class='ocrx_word' id='word_1_134' title='bbox 750 1901 851 1972; x_wconf 89' lang='lat' dir='ltr'><strong>aliquis</strong></span> <span class='ocrx_word' id='word_1_135' title='bbox 885 1901 1005 1957; x_wconf 78' lang='lat' dir='ltr'><strong>diffiteri.</strong></span> <span class='ocrx_word' id='word_1_136' title='bbox 1040 1892 1109 1956; x_wconf 77' lang='lat' dir='ltr'><strong>A&#39;ru.</strong></span> 
     </span>
     <span class='ocr_line' id='line_1_19' title="bbox 204 1983 1110 2059; baseline -0.004 -15"><span class='ocrx_word' id='word_1_137' title='bbox 204 1989 234 2045; x_wconf 85' lang='lat' dir='ltr'><strong>si</strong></span> <span class='ocrx_word' id='word_1_138' title='bbox 251 1987 319 2059; x_wconf 89' lang='lat' dir='ltr'><strong>quid</strong></span> <span class='ocrx_word' id='word_1_139' title='bbox 339 1984 458 2039; x_wconf 87' lang='lat' dir='ltr'><strong>diximus</strong></span> <span class='ocrx_word' id='word_1_140' title='bbox 486 1983 561 2056; x_wconf 85' lang='lat' dir='ltr'><strong>quod</strong></span> <span class='ocrx_word' id='word_1_141' title='bbox 583 1985 778 2056; x_wconf 83' lang='lat' dir='ltr'><strong>corrigendum</strong></span> <span class='ocrx_word' id='word_1_142' title='bbox 796 1986 846 2056; x_wconf 90' lang='lat' dir='ltr'><strong>sit,</strong></span> <span class='ocrx_word' id='word_1_143' title='bbox 870 2003 926 2042; x_wconf 90' lang='lat' dir='ltr'><strong>non</strong></span> <span class='ocrx_word' id='word_1_144' title='bbox 948 2003 1035 2041; x_wconf 87' lang='lat' dir='ltr'><strong>renuo</strong></span> <span class='ocrx_word' id='word_1_145' title='bbox 1052 2002 1110 2042; x_wconf 86' lang='lat' dir='ltr'><strong>eor-</strong></span> 
     </span>
     <span class='ocr_line' id='line_1_20' title="bbox 202 2067 1110 2154; baseline 0 -26"><span class='ocrx_word' id='word_1_146' title='bbox 202 2071 366 2139; x_wconf 88' lang='lat' dir='ltr'><strong>reetionem,</strong></span> <span class='ocrx_word' id='word_1_147' title='bbox 390 2071 414 2124; x_wconf 91' lang='lat' dir='ltr'><strong>si</strong></span> <span class='ocrx_word' id='word_1_148' title='bbox 430 2067 633 2154; x_wconf 73' lang='lat' dir='ltr'><strong>rationabiliter</strong></span> <span class='ocrx_word' id='word_1_149' title='bbox 649 2069 688 2125; x_wconf 89' lang='lat' dir='ltr'><strong>fit</strong></span> <span class='ocrx_word' id='word_1_150' title='bbox 731 2070 761 2127; x_wconf 83' lang='lat' dir='ltr'><strong>Si</strong></span> <span class='ocrx_word' id='word_1_151' title='bbox 778 2077 873 2126; x_wconf 88' lang='lat' dir='ltr'><strong>autem</strong></span> <span class='ocrx_word' id='word_1_152' title='bbox 889 2071 1046 2127; x_wconf 86' lang='lat' dir='ltr'><strong>testimonio</strong></span> <span class='ocrx_word' id='word_1_153' title='bbox 1063 2087 1110 2128; x_wconf 84' lang='lat' dir='ltr'><strong>ve·</strong></span> 
     </span>
     <span class='ocr_line' id='line_1_21' title="bbox 202 2155 1110 2227; baseline -0.002 -13"><span class='ocrx_word' id='word_1_154' title='bbox 202 2158 292 2214; x_wconf 89' lang='lat' dir='ltr'><strong>ritetis</strong></span> <span class='ocrx_word' id='word_1_155' title='bbox 318 2155 479 2225; x_wconf 88' lang='lat' dir='ltr'><strong>roboratur,</strong></span> <span class='ocrx_word' id='word_1_156' title='bbox 505 2155 580 2227; x_wconf 90' lang='lat' dir='ltr'><strong>quod</strong></span> <span class='ocrx_word' id='word_1_157' title='bbox 603 2171 654 2210; x_wconf 91' lang='lat' dir='ltr'><strong>nos</strong></span> <span class='ocrx_word' id='word_1_158' title='bbox 676 2155 878 2212; x_wconf 83' lang='lat' dir='ltr'><strong>rationabiliter</strong></span> <span class='ocrx_word' id='word_1_159' title='bbox 902 2157 1042 2212; x_wconf 84' lang='lat' dir='ltr'><strong>invenisse</strong></span> <span class='ocrx_word' id='word_1_160' title='bbox 1065 2175 1110 2214; x_wconf 87' lang='lat' dir='ltr'><strong>ex-</strong></span> 
     </span>
     <span class='ocr_line' id='line_1_22' title="bbox 202 2241 1111 2314; baseline 0 -14"><span class='ocrx_word' id='word_1_161' title='bbox 202 2244 370 2308; x_wconf 85' lang='lat' dir='ltr'><strong>istimamus,</strong></span> <span class='ocrx_word' id='word_1_162' title='bbox 395 2241 457 2298; x_wconf 89' lang='lat' dir='ltr'><strong>Deo</strong></span> <span class='ocrx_word' id='word_1_163' title='bbox 480 2257 536 2296; x_wconf 91' lang='lat' dir='ltr'><strong>non</strong></span> <span class='ocrx_word' id='word_1_164' title='bbox 554 2241 635 2296; x_wconf 87' lang='lat' dir='ltr'><strong>nobis</strong></span> <span class='ocrx_word' id='word_1_165' title='bbox 652 2241 804 2298; x_wconf 85' lang='lat' dir='ltr'><strong>attribuere</strong></span> <span class='ocrx_word' id='word_1_166' title='bbox 823 2241 969 2314; x_wconf 83' lang='lat' dir='ltr'><strong>debemus,</strong></span> <span class='ocrx_word' id='word_1_167' title='bbox 994 2243 1049 2308; x_wconf 81' lang='lat' dir='ltr'><strong>Qui</strong></span> <span class='ocrx_word' id='word_1_168' title='bbox 1068 2249 1111 2299; x_wconf 86' lang='lat' dir='ltr'><strong>est</strong></span> 
     </span>
     <span class='ocr_line' id='line_1_23' title="bbox 202 2327 687 2388; baseline -0.008 -2"><span class='ocrx_word' id='word_1_169' title='bbox 202 2331 367 2388; x_wconf 81' lang='lat' dir='ltr'><strong>benedictus</strong></span> <span class='ocrx_word' id='word_1_170' title='bbox 384 2327 414 2383; x_wconf 87' lang='lat' dir='ltr'><strong>in</strong></span> <span class='ocrx_word' id='word_1_171' title='bbox 431 2327 551 2384; x_wconf 84' lang='lat' dir='ltr'><strong>saecula</strong></span> <span class='ocrx_word' id='word_1_172' title='bbox 588 2327 687 2382; x_wconf 83' lang='lat' dir='ltr'><strong>Amen.</strong></span> 
     </span>
    </p>
   </div>
   <div class='ocr_carea' id='block_1_4' title="bbox 0 0 1318 3810">
    <p class='ocr_par' dir='ltr' id='par_1_7' title="bbox 0 0 1318 3810">
     <span class='ocr_line' id='line_1_24' title="bbox 0 0 1318 3810; baseline 0 1"><span class='ocrx_word' id='word_1_173' title='bbox 0 0 1318 3810; x_wconf 95' lang='lat' dir='ltr'><strong> </strong></span> 
     </span>
    </p>
   </div>
  </div>
 </body>
</html>
