2628 3810
214 273 260 340 58
409 270 436 328 S.
456 268 629 332 ausum
647 267 955 328 cANwARmusls

214 440 345 517 quoniam
356 439 438 497 aliter
448 440 509 498 fieri
520 441 625 514 nequit,
643 447 676 497 ut
685 441 761 496 idem
772 441 833 512 ipse
844 437 1031 510 supertectus
1042 436 1121 493 Deus

213 531 242 584 ct
258 527 398 599 perfectus
415 527 505 584 homo.
539 530 608 583 Bos.
624 527 728 584 Totum
744 527 812 582 mihi
830 527 931 598 placet,
951 524 1025 596 quod
1044 523 1121 579 dicis.

181 694 193 744 1
291 665 334 753 80
384 702 454 754 Aac.
489 699 588 755 Restat
603 715 678 754 nune
695 714 836 771 quaerere,
854 699 928 754 unde
944 697 1122 769 etquomodo

213 792 335 842 assumet
359 785 437 841 Deus
463 784 613 840 humanam
638 787 774 838 natiuam.
813 781 873 838 Aut
899 783 972 840 enim
1000 786 1123 839 assumet
1217 835 1219 839 .

214 889 276 928 eam
296 871 331 927 de
347 871 441 925 Adam
466 876 516 926 aut
538 869 624 924 faciet
645 886 748 926 novum
765 866 921 938 hominem,
946 869 1123 941 quemadmo-

179 957 281 1013 2dum
302 955 370 1011 fecit
387 955 481 1010 Adam
504 954 538 1009 de
561 953 639 1008 nullo
664 953 719 1010 alio
742 953 861 1010 homine.
897 953 953 1012 Sed
977 955 1001 1010 si
1020 972 1122 1010 novum

213 1039 352 1096 hominem
372 1038 441 1094 facit
457 1055 514 1094 non
538 1056 573 1095 ex
594 1039 674 1095 Adae
699 1057 816 1114 genere,
838 1056 895 1094 non
916 1039 1069 1112 pertinebit
1085 1040 1122 1096 ad

124 1185 128 1206 1
215 1143 303 1204 genus
320 1125 472 1180 humanum
495 1125 571 1197 quod
594 1129 692 1180 natum
711 1131 754 1182 est
774 1126 809 1182 de
827 1125 938 1196 Adam,
963 1143 1050 1198 quare
1066 1144 1123 1182 non

88 1227 132 1250 r·-
181 1210 329 1266 3debebit
351 1209 511 1266 satisfacere
532 1228 583 1282 pro
605 1228 651 1282 eo,
672 1211 739 1283 quia
762 1228 820 1267 non
845 1211 898 1267 erit
916 1212 951 1268 de
969 1229 1009 1268 eo.
1044 1213 1124 1269 Sicut

215 1297 288 1352 enim
307 1302 414 1352 rectum
434 1302 484 1366 est,
502 1302 536 1355 ut
551 1314 602 1370 pro
621 1297 706 1369 eulpa
722 1295 842 1352 hominis
860 1297 941 1354 homo
960 1298 1122 1370 satisfaciat,

202 1381 255 1437 ita
277 1399 390 1438 necesse
418 1388 472 1453 est,
501 1390 534 1440 ut
557 1384 730 1440 satisfaciens
755 1382 830 1460 idem
851 1383 897 1466 ut
911 1383 960 1454 qui
982 1389 1122 1455 peccator,
1148 1411 1184 1446 ,e

215 1473 265 1524 aut
280 1469 404 1525 eiusdem
426 1470 553 1542 genesim
580 1471 662 1526 aliter
684 1486 804 1541 namque
823 1487 876 1526 nec
893 1469 986 1524 Adam
1002 1485 1055 1524 nec
1073 1487 1121 1542 ge·

182 1558 268 1609 inus
291 1555 351 1611 eius
373 1555 525 1612 samariae
533 1557 552 1624 ¹)
577 1573 629 1626 pro
652 1573 689 1611 se.
724 1556 801 1628 Ergo
823 1556 897 1612 sieut
920 1555 956 1612 de
978 1554 1072 1610 Adam
1095 1560 1123 1611 et

214 1639 276 1696 Eva
299 1646 446 1711 peccatum
469 1642 500 1696 in
523 1659 618 1697 omnes
641 1640 767 1697 homines
790 1645 977 1720 propagatum
1002 1646 1057 1710 est,
1083 1639 1124 1696 ita

214 1723 316 1796 nullus,
334 1725 389 1780 nisi
405 1727 450 1802 [cl
467 1726 522 1810 ipsi
537 1725 583 1780 vel
605 1725 653 1796 qui
670 1726 705 1780 de
721 1725 776 1780 illis
790 1726 922 1788 nascitur,
932 1743 991 1797 ‘pro
1006 1730 1124 1796 peccato

214 1811 359 1867 hominum
376 1810 537 1866 satisfacere
554 1810 645 1866 debet
677 1810 814 1875 Quoniam
831 1828 898 1884 ergo
914 1810 956 1865 illi
972 1817 1123 1883 nequeunt,

183 1902 330 1952 5ueoeaee
353 1901 395 1950 est
423 1902 455 1950 ut
479 1897 514 1950 de
543 1895 599 1950 illis
626 1895 675 1966 sit,
709 1897 759 1967 qui
781 1897 835 1951 hoe
853 1897 946 1952 faciet.
980 1888 1122 1970 Amplius:

96 1992 100 2002 ⁸
202 1981 288 2052 ¹sicut
308 1980 402 2036 Adam
426 1986 455 2037 et
477 1984 567 2036 totum
592 1998 681 2054 genua
705 1983 764 2038 eius
787 2000 838 2054 per
866 1999 896 2038 se
918 1982 1041 2038 stetisset
1064 1983 1124 2038 sine

216 2065 419 2124 sustentatione
451 2065 564 2122 alterius
594 2071 738 2122 creaturae
765 2066 790 2121 si
814 2083 871 2122 non
894 2074 1052 2139 peccasset,
1085 2069 1125 2124 ita
1138 2115 1166 2128 a

165 2187 167 2190 -
216 2158 339 2224 oportet,
363 2159 395 2208 ut
420 2153 444 2208 si
465 2151 541 2208 idem
560 2168 649 2224 genus
666 2152 789 2225 resurgit
809 2156 1001 2224 postumum,
1026 2171 1078 2230 per
1094 2170 1124 2208 se
1141 2201 1166 2216 Ν

183 2239 344 2312 treanrgat
368 2245 397 2296 et
416 2240 561 2296 relevetur.
595 2239 669 2298 Nam
692 2256 743 2310 per
765 2255 958 2310 quemcunque
975 2240 1005 2295 in
1021 2231 1125 2296 statum

215 2322 392 2394 restituatur,
417 2340 468 2395 per
493 2323 573 2378 illum
596 2323 694 2395 utique
717 2323 816 2394 stabit,
843 2339 894 2394 per
918 2342 1001 2397 quem
1021 2331 1125 2380 statum
1147 2371 1174 2386 ,,

183 2414 198 2463 7
216 2426 297 2463 suum
320 2409 506 2482 recuperabit
540 2409 619 2465 Deus
644 2408 729 2490 Qm
746 2409 860 2481 quando
879 2408 1028 2466 humanam
1045 2416 1125 2464 natu·

215 2511 276 2548 ram
300 2494 428 2564 primitus
455 2493 523 2550 fecit
546 2494 576 2548 in
599 2495 659 2550 solo
682 2495 776 2550 Adam
797 2513 851 2552 neo
875 2494 1020 2566 feminam,
1040 2501 1072 2550 ut
1090 2493 1126 2552 de

215 2583 335 2649 utroque
364 2597 433 2636 sexu
462 2579 714 2650 multiplicarentur
743 2541 882 2652 himines,
915 2579 1007 2636 facere
1036 2577 1126 2634 voluit

216 2661 270 2715 nisi
299 2663 335 2717 de
359 2664 447 2736 ipso,
465 2671 561 2736 aperte
584 2665 758 2735 monstrarit,
782 2683 813 2721 se
835 2683 892 2722 non
908 2665 962 2720 nisi
980 2665 1016 2718 de
1031 2661 1126 2718 Adam

215 2746 338 2803 voluisse
361 2747 469 2821 iacere,
494 2751 569 2822 quod
594 2751 629 2806 de
656 2750 778 2806 humana
794 2756 896 2806 natura
912 2749 1038 2806 facturus
1058 2757 1126 2808 erat.

184 2827 393 2905 8Quapropter
417 2834 441 2888 si
463 2851 552 2906 genus
582 2836 664 2891 Adae
693 2853 744 2906 per
770 2835 891 2908 aliquem
914 2835 1054 2890 relevatur
1078 2836 1126 2892 ho·

217 2919 332 2990 minem,
350 2917 398 2992 qui
414 2935 471 2974 nou
489 2918 526 2974 sit
544 2921 579 2976 de
597 2921 694 2978 eodem
705 2919 828 2994 genere,
850 2937 907 2975 non
924 2919 954 2974 in
970 2920 1048 2976 illam
1066 2922 1126 2994 dig·
1165 2953 1183 2974 ι

191 3005 347 3078 mitatem,
372 3022 456 3077 quam
479 3005 638 3062 habiturum
664 3013 724 3062 erat
747 3007 771 3062 si
792 3024 848 3063 non
865 3001 1126 3078 peccaset'ildaffi,

218 3096 247 3147 et
273 3091 336 3146 ideo
360 3108 419 3146 non
443 3091 551 3164 integre
580 3092 794 3162 restaurabitur,
821 3095 850 3146 et
873 3089 928 3145 Dei
952 3093 1127 3164 propositum

218 3175 336 3232 deficere
354 3176 509 3247 videbitur,
532 3192 605 3248 qnae
631 3176 684 3232 luo
704 3175 928 3232 inconvenientia
950 3181 1031 3248 sunt3
1060 3193 1127 3249 ergo

289 3332 314 3396 1)
332 3332 510 3401 recusauerat
523 3315 554 3390 ‘A
564 3331 613 3394 ab
626 3347 650 3385 a
