2628 3810
366 289 698 366 neumnensium.
724 291 771 350 w11.
793 296 834 348 rr.
854 299 896 355 rr.-
951 337 954 343 -
1015 295 1087 369 ,ot

183 458 389 531 mouendo,
415 465 447 518 nt
463 459 553 534 magis
570 479 601 522 se
617 479 674 518 non
690 461 779 534 possit
797 462 882 533 dare?
917 465 986 520 Ber.
1021 465 1087 527 Non
1170 475 1172 478 ·

182 548 225 600 est
244 543 351 619 aliquid
369 545 568 606 rationabilius.
601 549 672 604 Aca
689 547 767 606 Nihil
785 554 878 606 autem
896 547 1019 620 asperius
1037 557 1087 610 ant
1103 552 1135 605 21

183 628 325 684 difficilius
348 637 441 704 potest
462 631 545 690 homo
570 632 607 693 ad
630 633 762 692 honorem
784 633 962 706 ¹Dcisponte
978 639 1007 690 et
1029 651 1085 708 noo

182 730 216 768 cx
237 714 330 770 debito
347 716 406 788 pati
424 733 509 790 quum
526 724 650 788 mortem,
666 725 694 776 et
713 719 872 776 nullatenus
891 716 1012 788 seipsum
1023 725 1085 790 pot-

181 806 225 854 est
246 799 328 855 homo
353 802 442 874 magis
465 803 532 858 date
548 802 622 872 Deo,
648 821 732 875 quam
754 821 818 858 cum
840 820 870 859 se
891 802 974 856 morti
997 803 1085 858 tradit

180 881 217 938 ad
232 882 364 943 honorem
381 887 465 946 illins.
498 890 566 946 Bos.
606 889 681 946 Vera
703 896 768 946 sunt
790 888 883 944 omnia
902 887 979 946 haec.
1014 890 1083 945 Aac.
1100 889 1134 945 22

181 967 279 1026 Talem
297 989 363 1044 ergo
380 980 490 1046 oportet
506 991 570 1030 eum
586 991 662 1043 esse,
685 973 733 1044 qui
757 989 808 1046 pro
832 979 947 1046 peccato
964 972 1083 1042 hominia

179 1055 340 1112 satisfacere
362 1058 448 1127 amet,
470 1064 504 1114 ut
524 1059 594 1116 mori
614 1058 703 1132 possit
730 1058 754 1114 si
778 1058 853 1114 velit
888 1063 956 1116 Bor.
991 1049 1134 1115 videone

77 1207 81 1212 ,
179 1139 318 1198 hominem
334 1142 413 1197 illum
428 1143 520 1216 plane,
539 1160 622 1224 quem
639 1143 804 1216 quaerimus,
821 1144 905 1202 talem
925 1161 985 1200 cese
1003 1159 1083 1218 opor-

179 1231 251 1295 tere,
280 1227 329 1300 qui
357 1244 408 1284 nee
436 1230 471 1287 'ex
501 1229 666 1286 necessitate
695 1228 842 1299 morietur,
874 1229 1006 1301 quoniam
1030 1229 1083 1284 erit

179 1312 367 1384 omnipotens;
399 1331 452 1370 nec
485 1331 519 1372 ex
548 1313 656 1384 debito,¹
686 1315 751 1386 quia
781 1330 923 1384 nunquam
951 1319 1083 1386 peccator

178 1396 247 1466 erit,
263 1404 293 1455 et
307 1399 377 1454 mori
388 1399 477 1470 possit
489 1417 522 1455 ex
540 1399 628 1455 libera
644 1401 795 1468 voluntate,
815 1397 881 1468 quia
897 1399 1082 1456 necessarium
1154 1437 1167 1449 a

135 1551 143 1563 Ι
178 1482 236 1538 erit
271 1485 341 1538 Aac.
376 1483 448 1540 Sunt
470 1492 498 1540 et
524 1485 579 1540 alia
604 1485 707 1554 multa,
728 1501 777 1540 our
800 1500 863 1538 eum
876 1481 967 1538 'valde
983 1498 1081 1538 eonve-
1098 1479 1133 1531 24

175 1567 236 1624 nint
259 1568 402 1625 hominum
429 1568 638 1626 similitudinem
662 1577 691 1628 et
714 1567 949 1626 conversationem
974 1565 1081 1638 absque

175 1659 291 1724 peccato
312 1652 427 1724 habere,
452 1670 523 1724 quae
545 1654 654 1710 facilius
683 1659 711 1712 et
735 1653 839 1712 ,clauim
862 1667 912 1722 per
937 1666 966 1706 se
983 1656 1081 1722 patent

174 1737 205 1794 in
223 1739 282 1794 eius
300 1739 358 1794 vito
374 1747 402 1796 et
419 1739 564 1814 operibus,
587 1757 673 1811 quam
689 1740 765 1796 velut
782 1745 846 1796 ante
863 1735 1080 1808 experimentum

176 1824 240 1896 solo
265 1823 372 1880 ratione
402 1827 550 1882 monstrari
578 1826 693 1900 possint.
749 1824 817 1890 Quis
849 1820 922 1878 enim
951 1819 1079 1894 explicet,
1096 1821 1130 1876 25

176 1923 260 1978 quam
278 1911 448 1980 necessarie,
474 1901 558 1982 quam
575 1910 722 1984 ,sapienter
748 1909 853 1964 factum
876 1908 952 1977 ait,¹)
976 1913 1009 1962 ut
1032 1905 1079 1962 ille

176 1991 226 2062 qui
250 1991 373 2050 homiues
394 2004 457 2052 erat
478 1992 653 2054 redemturus
675 2002 704 2052 et
726 1995 762 2050 de
782 1993 828 2048 via
849 1991 946 2048 mortis
969 1998 997 2047 et
1017 2009 1079 2064 per·

176 2076 288 2132 ditionis
306 2079 344 2132 ad
365 2080 439 2137 viam
462 2081 536 2136 vitae
557 2087 588 2137 et
607 2079 788 2138 beatitudinis
808 2083 936 2134 aeternae
954 2076 1079 2134 docendo

107 2183 109 2192 ¹
145 2203 147 2208 .
174 2162 348 2234 reducturus,
367 2159 430 2220 eum
447 2166 604 2222 hominibus
619 2170 827 2225 conversaretur
844 2168 873 2218 et
888 2163 918 2216 in
936 2161 997 2232 ipsa
1015 2178 1078 2216 oon·

137 2243 141 2250 ’
174 2248 342 2318 versatione,
369 2266 433 2306 oum
452 2253 627 2308 condoceret
646 2248 731 2308 verbo
750 2247 869 2320 qualiter
884 2247 978 2301 vivere
995 2244 1077 2300 debe·

174 2339 249 2404 rent,
273 2333 394 2404 seipsum
418 2339 573 2410 exemplum
597 2333 761 2408 praeberet?
797 2332 961 2402 Exemplum
984 2335 1076 2384 autem
1093 2322 1127 2374 2⁶

174 2419 296 2492 seipsum
315 2420 451 2490 quomodo
470 2422 548 2478 duret
566 2420 681 2476 infirmis
694 2426 722 2477 et
733 2417 902 2488 mortalibus,
921 2420 1077 2486 utpropter

173 2504 288 2560 iniurias
311 2511 361 2560 sut
385 2505 564 2560 contumelias
587 2510 636 2559 aut
660 2505 766 2560 dolores
790 2508 840 2558 aut
863 2505 978 2555 mortem
1001 2516 1019 2553 a
1035 2499 1076 2554 iu-

173 2591 250 2646 stitia
266 2609 323 2646 non
338 2590 514 2662 recederent,¹
537 2589 561 2644 si
587 2588 678 2659 ipsum
702 2590 771 2646 haee
793 2586 886 2642 omnia
900 2583 1002 2642 sentire
1020 2601 1077 2640 non

171 2675 371 2750 agnoscerent?
407 2733 408 2740 χ

251 2850 319 2934 12·
367 2884 435 2936 Bos·
474 2880 575 2936 Omnia
596 2879 665 2933 haec
688 2880 814 2947 patenter
837 2874 987 2930 ostendunt
1010 2866 1105 2928 euml
1135 2871 1139 2879 '

171 2965 316 3020 mortalem
338 2973 366 3022 et
391 2965 625 3021 incommodorum
648 2967 804 3016 nostrorum
828 2959 992 3029 participem
1014 2971 1076 3010 esse

173 3055 307 3122 oportere.
342 3052 397 3108 Sed
420 3051 490 3105 haec
512 3047 605 3102 omnia
626 3046 752 3102 miseriae
767 3049 876 3100 nostrae
894 3049 972 3112 aunt3
994 3058 1072 3096 nunr-

171 3136 239 3206 quid
255 3153 322 3208 ergo
339 3137 422 3192 miser
440 3134 512 3192 erit?
546 3134 615 3189 Aac.
648 3133 845 3203 Nequaquam
865 3132 931 3184 nam
945 3127 1017 3182 sicut
1034 3126 1104 3182 adl

239 3345 265 3410 1)
278 3340 392 3410 factum
409 3349 448 3396 est
464 3341 571 3395 Aabe
588 3339 613 3394 B
630 3335 665 3393 D.

877 3423 914 3473 5*
