2628 3810
245 215 266 280 2
423 213 452 270 S.
471 213 643 272 Ausum
661 213 968 273 CANTUARIENSIS

244 379 328 434 licam
346 381 404 436 eive
421 381 584 450 humanam,
607 392 657 439 aut
673 384 732 439 sola
748 384 891 441 voluntate
911 383 1004 440 faeere
1020 383 1150 454 potuerit.

211 469 228 520 l
245 462 289 520 De
309 483 365 537 qua
382 469 543 538 quaestione
563 487 619 526 non
642 470 732 525 solum
750 469 869 540 literati,
893 470 943 525 sed
970 467 1054 524 etiam
1069 467 1151 524 illite-

213 549 301 606 5rati
324 551 404 607 mnlti
424 561 561 624 quaerunt
584 561 612 612 et
635 555 770 610 rationem
794 553 853 609 eins
876 555 1043 610 desiderent.
1078 551 1150 617 Quo-

246 636 321 691 niam
343 653 410 709 ergo
435 638 516 694 mnlti
541 638 653 714 dehao
675 637 789 693 tractari
811 639 968 709 postrlant,
995 644 1023 696 et
1051 637 1105 694 'oet
1122 638 1151 692 in

247 722 405 792 quaerendo
428 724 510 800 valde
532 724 661 780 videatur
684 722 820 792 difficilis,
845 723 876 777 in
901 723 1033 778 solvendo
1058 729 1152 778 tamen

247 806 375 862 omnibus
401 812 443 862 est
469 807 667 879 intelligibilis,
697 814 726 863 et
750 815 864 879 propter
893 807 1042 864 utilitatem
1069 807 1151 863 ratio-

173 937 174 942 ,
246 891 345 962 nisque
368 891 604 962 pulchritudinem
628 891 773 962 amabilis3
803 891 928 963 quemvis
947 909 964 947 a
984 893 1086 949 sanetis
1102 910 1151 965 pa·

245 974 335 1029 ersus
362 974 428 1030 rnre
455 977 529 1047 quoe
555 963 824 1046 samositanus,
850 975 956 1032 oronim
983 977 1032 1048 sn,
1058 985 1152 1034 emen

247 1059 283 1115 de
308 1059 357 1115 illa
382 1059 500 1130 ourabo,
531 1062 607 1133 quod
637 1061 705 1118 mihi
735 1062 814 1118 Deus
845 1061 1007 1132 dignabitur
1036 1065 1152 1134 aperire,

215 1128 584 1217 tpetentibufoitendere.
623 1147 662 1201 Et
687 1147 818 1218 quoniam
843 1164 876 1203 ea
901 1163 973 1219 quae
998 1163 1049 1217 per
1071 1147 1153 1205 inter·

246 1231 419 1302 rogationem
456 1237 485 1286 et
513 1232 720 1302 responsionem
752 1229 969 1302 investigentur,
1003 1231 1097 1286 multis
1124 1239 1154 1289 et

246 1316 365 1370 maxime
384 1315 550 1372 tardioribus
574 1317 693 1389 ingeniis
717 1315 806 1387 magis
834 1323 932 1387 patent
957 1324 985 1374 et
1007 1318 1070 1374 ideo
1088 1318 1152 1388 plus

245 1400 372 1472 placent3
393 1419 480 1456 unum
499 1419 533 1457 ex
550 1401 605 1456 illis
623 1401 672 1473 qui
696 1400 750 1458 hoo
769 1400 906 1474 flagitant,
926 1403 974 1474 qui
992 1402 1065 1458 inter
1083 1403 1153 1458 alios

246 1484 396 1540 instantius
414 1486 520 1541 adhoc
538 1503 582 1542 me
605 1484 752 1557 sollicitat,
774 1487 910 1559 accipiam
934 1504 1042 1543 meeum
1060 1486 1153 1557 dispu-

247 1576 368 1642 tantem,
394 1579 427 1626 ut
448 1573 526 1626 Boeo
547 1577 680 1642 quaerat,
703 1578 732 1627 et
749 1573 898 1627 Amelmoa
915 1572 1083 1643 respondeat
1100 1572 1153 1628 hoo

245 1656 336 1712 modo.

215 1824 228 1874 1
326 1792 368 1879 20
419 1828 506 1881 Boeo.
547 1825 625 1882 Siout
654 1832 746 1882 rectus
778 1828 877 1899 ord01)
908 1818 1007 1900 exigit,
1035 1834 1068 1884 ut
1090 1845 1154 1899 pro-

247 1907 336 1963 funda
352 1907 519 1965 christianae
536 1910 603 1966 fidei
621 1912 784 1984 credamus,
807 1914 969 1985 priusquam
987 1930 1021 1968 ea
1040 1929 1153 1984 praesu·

247 2010 354 2048 mamus
374 1993 482 2050 ratione
496 1994 651 2067 disentere3
669 1997 709 2052 ita
720 1998 893 2071 negligentia
904 1998 971 2052 mihi
984 1998 1103 2068 videtin,
1121 1997 1152 2066 si,

245 2083 395 2150 postquam
418 2079 572 2136 confirmati
592 2099 687 2137 sumus
703 2083 733 2138 in
750 2083 817 2155 fide,
844 2101 900 2139 non
918 2083 1061 2138 studemus
1078 2083 1153 2156 quod

212 2165 229 2216 2
246 2163 384 2220 oredimus
392 2164 557 2237 intelligere.
577 2166 752 2241 Quapropter
765 2169 897 2241 quoniam
909 2169 1002 2242 gratia
1009 2169 1065 2224 Dei
1072 2185 1153 2241 prae·

246 2248 374 2306 veniento
399 2250 483 2306 fidem
510 2258 621 2308 nostrae
646 2253 825 2311 redemtionis
844 2256 883 2312 sie
901 2260 971 2326 puto
990 2271 1035 2311 me
1050 2261 1152 2320 tenere,

246 2340 279 2388 ut
305 2336 389 2392 etiam
414 2335 438 2390 si
465 2336 544 2390 nulla
566 2337 674 2394 ratione
691 2338 774 2407 ,quod
797 2340 880 2395 oredo
902 2340 1007 2412 possim
1030 2351 1152 2406 eompre-

246 2417 382 2490 hendere,
405 2419 476 2474 nihil
497 2427 592 2476 tamen
615 2421 652 2475 sit
669 2423 744 2494 quod
761 2441 806 2480 me
825 2425 862 2481 ab
880 2425 940 2482 eius
958 2423 1087 2479 firmitate
1105 2436 1153 2475 va·

319 2645 344 2710 l)
373 2641 430 2698 cn.
460 2642 640 2710 Proelopium
672 2659 696 2697 o.
728 2649 756 2698 1:
793 2644 874 2714 „Non
903 2647 995 2706 tento,
1024 2641 1152 2712 Domine,

246 2716 394 2833 qfinetrare
421 2710 597 2767 altitudinem
623 2718 715 2777 tuam,
744 2713 810 2792 quia
835 2712 994 2792 nullatenus
1022 2726 1154 2792 comparo

247 2798 257 2835 1
306 2779 478 2835 rntelleetum
499 2797 606 2851 meum3
632 2781 682 2836 sed
703 2781 831 2836 desidero
854 2779 1029 2850 ahquatenus
1052 2779 1153 2834 intelh-

338 2848 483 2929 veritatem
507 2854 598 2930 tuam²
625 2867 709 2930 quam
732 2849 821 2904 eredit
842 2854 871 2902 at
893 2853 969 2902 amat
987 2865 1153 2905 cormeum.

246 2864 570 3054 litium
587 2919 817 3055 euertit
835 2917 1153 3043 mlta

246 3072 304 3111 non
320 3054 503 3126 intelligam.“
527 3083 562 3094 -
586 3054 703 3120 Qualem
721 3054 749 3111 S.
766 3053 844 3109 Anse
883 3073 916 3110 us
935 3055 1069 3112 rationem
1086 3056 1154 3111 fider

246 3139 312 3179 oum
331 3124 475 3180 intellectu
491 3129 617 3179 mutuam
635 3121 804 3189 defenderit,
822 3130 952 3180 aoourate
970 3132 998 3180 et
1015 3125 1154 3183 subtiliter

174 3221 177 3226 ⁴
247 3192 395 3250 edisseruit
418 3195 454 3250 F.
479 3194 515 3249 R.
538 3193 632 3248 Haase
656 3192 686 3246 in
711 3192 797 3248 libro:
825 3193 941 3250 Anselm
963 3212 1017 3249 von
1039 3195 1153 3253 Canter-

246 3259 330 3333 bury.
348 3267 373 3328 t,
391 3268 416 3320 2.
447 3261 531 3336 (ssDie
548 3261 733 3334 allgemeinen
749 3261 910 3336 Prinoipien
926 3263 1023 3336 Med)
