2628 3810
225 245 246 312 8
405 244 433 302 S.
451 243 622 302 Ausum
640 241 947 302 cmunnmnels

225 409 332 480 dicem,
371 411 463 470 videte
497 413 634 484 quomodo
677 411 736 468 eius
770 413 923 485 sapientiae
958 411 1129 483 repugnatis.

190 493 299 556 suam
316 497 340 552 si
356 497 451 570 homo,
478 500 554 570 quod
575 498 659 554 facile
678 503 786 568 posset,
807 498 837 552 id
856 515 919 552 cum
939 495 1018 567 gravi
1033 496 1129 552 labore

225 581 285 640 siue
304 582 411 640 ratione
429 584 545 654 feceret,
571 599 628 640 non
648 582 746 653 utique
764 583 874 652 sapiens
893 583 931 639 ab
948 584 1006 639 ullo
1022 583 1127 638 iudice·

224 675 308 724 retur.
351 669 462 741 Quippe
488 670 565 742 quod
587 667 696 736 dicitis,
714 666 817 722 'Deum
851 668 946 724 taliter
976 669 1129 725 ostendisse

224 759 360 824 quantum
376 773 425 810 vos
450 755 590 826 diligeret,
615 753 694 808 nulla
710 751 818 807 ratione
835 751 1004 822 defenditur,
1029 754 1053 808 si
1068 754 1129 808 nul·

159 881 160 884 6
223 838 334 894 1616666
360 840 501 896 hominem
528 839 608 894 alites
632 837 755 909 potuisse
783 837 890 892 salvare
915 855 972 894 non
995 843 1129 894 monstie-

175 925 207 976 10
225 927 278 980 tur.
313 925 387 983 Nem
405 925 430 979 si
448 925 529 980 aliter
545 942 602 980 non
624 923 773 994 potuisset,
799 927 867 985 tune
883 921 1000 977 forsitan
1016 939 1130 978 necesse

225 1015 310 1072 66661,
333 1015 366 1064 61
388 1010 440 1066 hoe
459 1009 540 1064 modo
558 1025 637 1062 suam
661 1007 1032 1078 dilectionem1.ostenderet;
1055 1023 1129 1062 nunc

224 1111 298 1164 vero,
318 1111 382 1149 cum
401 1097 481 1150 aliter
499 1093 589 1164 possit
606 1093 712 1147 salvare
729 1092 880 1161 hominem,
900 1108 978 1164 quse·
989 1093 1059 1149 ratio
1078 1099 1128 1158 est,

225 1183 258 1234 ut
276 1187 390 1249 propter
414 1178 614 1238 ostendendam
639 1175 815 1232 dilectionem
841 1193 920 1231 suem
944 1180 1129 1248 666666611-

176 1269 206 1321 11
226 1263 391 1320 61116166161
408 1263 610 1320 etsustineet?
644 1263 692 1316 An
718 1262 792 1316 enim
810 1278 866 1316 666
884 1263 1005 1318 ostendit
1023 1265 1129 1334 angelis

225 1348 315 1418 bonis,
335 1355 470 1422 quantum
487 1367 534 1406 eos
553 1349 664 1422 diliget,
689 1363 740 1416 pro
766 1347 866 1418 quibus
890 1348 959 1402 talia
975 1365 1032 1403 non
1050 1348 1131 1402 susti·

225 1434 294 1491 net?
341 1435 421 1500 Quod
447 1453 512 1491 vero
539 1451 602 1490 eum
637 1431 729 1486 dicitis
754 1433 864 1498 'venisse
891 1449 1052 1504 expugnare
1079 1449 1129 1502 pso
1209 1425 1220 1448 '
1297 1425 1298 1432 '

225 1519 305 1575 vobis
334 1519 492 1588 diabolum,
520 1536 576 1590 quo
601 1535 686 1572 sensu
714 1519 823 1573 audetis
850 1517 992 1590 proferre?
1032 1519 1131 1574 Nonne

175 1613 208 1664 12
226 1600 303 1658 Deus
336 1605 537 1674 omnipotentie
545 1607 565 1669 ¹)
595 1610 695 1675 regnat
726 1604 849 1676 ubique?
890 1603 1033 1668 Quomodo
1064 1617 1131 1672 ergo

225 1687 371 1760 indigebat
397 1689 488 1759 Deus,
514 1695 546 1744 61
572 1690 610 1744 ed
635 1689 802 1746 vincendum
829 1689 971 1756 diabolum
996 1688 1031 1742 de
1054 1687 1131 1742 coelo

225 1773 426 1828 descenderet?
470 1772 549 1828 Haec
578 1772 658 1827 nobis
686 1773 811 1828 infideles
837 1774 957 1830 obiicere
983 1789 1065 1843 posse
1092 1773 1131 1826 vi·

225 1856 333 1916 dentur.

195 2029 208 2080 1
305 1992 347 2078 70
399 2025 454 2085 Sed
472 2031 501 2080 et
518 2025 587 2080 iilud
606 2027 681 2098 quod
702 2027 795 2084 dicere
812 2030 944 2094 solemus,
968 2027 1060 2082 Deum
1079 2028 1131 2084 sci·
1219 2025 1222 2030 ’

226 2108 292 2164 licet
310 2107 440 2165 debuisse
457 2111 534 2182 peius
554 2129 604 2183 per
620 2111 753 2168 iustitiam
774 2120 870 2169 contra
884 2113 1025 2168 diabolum
1039 2129 1130 2184 agere,

225 2201 258 2249 ut
281 2195 413 2251 liberaret
435 2196 586 2268 hominem,
612 2215 695 2269 quem
715 2215 766 2267 per
788 2198 990 2267 fortitudinem,
1017 2206 1049 2254 ut
1066 2217 1130 2260 cum

227 2279 354 2336 diabolus
381 2299 459 2347 eum,
488 2285 517 2338 in
543 2301 598 2354 quo
623 2281 701 2336 nulle
724 2282 819 2335 mortis
846 2290 905 2338 erat
926 2301 1012 2340 eausa
1035 2289 1063 2340 61
1081 2284 1130 2355 qui

226 2365 303 2423 Deus
321 2372 394 2435 eret,
413 2368 564 2436 occideret,
589 2367 661 2422 iuste
679 2371 846 2436 potestatem
866 2386 949 2440 qnam
968 2387 1051 2440 super
1067 2387 1130 2439 pec·

224 2457 331 2508 catores
348 2451 485 2519 habebat,
503 2451 656 2518 emitteret,
680 2450 804 2523 alioquin
820 2455 951 2512 iniustam
971 2455 1131 2510 violentiam

225 2537 337 2591 iecisset
359 2536 414 2604 illi,
442 2534 573 2606 quoniam
597 2535 669 2613 iuste
689 2538 851 2606 possidebat
870 2540 1020 2605 bominem,
1047 2557 1130 2609 quesn

225 2639 282 2676 non
300 2621 360 2691 ipse
377 2619 511 2676 violenter
528 2627 691 2692 attraxerat,
719 2625 768 2678 sed
787 2627 860 2689 idem
877 2626 959 2679 homo
985 2641 1013 2678 se
1032 2629 1130 2694 sponte

227 2707 265 2760 ed
292 2705 372 2760 illum
402 2707 571 2763 contulerat:
604 2725 662 2762 non
690 2707 785 2778 video,
821 2726 905 2782 quam
935 2710 991 2762 vim
1020 2709 1130 2764 habeat.

192 2794 209 2846 2
227 2791 301 2848 Nam
318 2790 343 2844 si
361 2789 488 2845 diabolus
507 2797 556 2845 aut
574 2792 654 2846 homo
674 2811 741 2847 suus
760 2802 832 2863 esset
847 2798 897 2847 661
914 2792 1027 2850 alterius
1046 2809 1130 2863 quem

227 2876 291 2943 Dei,
308 2875 403 2930 autin
421 2877 477 2930 6116
495 2892 579 2946 quem
597 2876 627 2930 in
644 2875 698 2932 Dei
716 2885 853 2950 potestate
865 2886 994 2948 maneret,
1013 2878 1131 2935 forsitan

227 2961 280 3036 boc
296 2967 372 3018 recte
390 2960 540 3029 diceretur3
564 2977 628 3014 cum
652 2971 744 3017 autem
770 2963 895 3021 diabolus
912 2971 963 3019 aut
976 2964 1057 3019 homo
1075 2983 1131 3019 non

225 3047 264 3102 sit
284 3047 339 3104 nisi
356 3047 423 3116 Dei,
447 3051 476 3100 et
500 3052 578 3100 estse
600 3051 765 3116 potestatem
786 3048 842 3104 Dei
865 3055 962 3103 neuter
984 3048 1131 3104 consistet:

224 3147 311 3204 quam
332 3149 445 3188 6666616
469 3129 567 3186 debuit
591 3130 669 3185 Deus
694 3149 778 3202 agere
804 3149 868 3186 cum
890 3148 940 3186 suo
967 3133 1001 3187 de
1028 3149 1078 3188 suo
1101 3133 1131 3188 in

220 3289 222 3296 '
296 3288 323 3356 1)
341 3286 521 3344 1606616.
539 3284 667 3342 61161).
686 3284 764 3354 „Dei
780 3285 1003 3357 omneoemiaf‘
