2628 3810
369 379 371 388 ,
416 295 493 356 ουκ
511 297 613 356 nnus
631 299 749 359 nouo.
783 301 821 359 11.
844 309 884 361 ιτ.
1068 309 1109 376 83
1144 329 1147 336 ·

200 467 367 524 necessitate
401 473 532 524 astruere.
576 469 641 525 Huc
671 471 798 544 sequenti
828 477 857 530 et
883 459 952 530 nihil
978 459 1110 534 efficienti
1127 482 1160 534 nt

201 552 381 624 necessitate,
410 554 541 625 quoniam
570 572 636 610 vera
662 554 717 610 fuit
741 555 810 612 tides
835 559 881 614 vel
904 561 1051 632 prophetis
1074 564 1110 620 de

199 635 322 707 Christo,
342 639 409 709 quie
426 656 460 694 ex
485 641 628 696 voluntate
652 657 707 697 non
726 659 759 698 ex
776 643 942 701 necessitate
960 647 1110 704 moriturus

200 726 267 791 eret,
287 739 400 779 necesse
417 724 471 779 fuit
488 731 520 780 ut
536 724 576 780 sic'
595 733 682 796 esset3
698 727 751 784 hec
768 728 849 785 homo
870 730 961 785 fectus
980 737 1036 795 est;
1056 719 1110 790 huc

198 805 266 862 fecit
283 814 311 862 et
329 825 427 880 passus
446 815 489 866 est
505 811 641 883 quidquid
660 812 728 867 iecit
746 819 774 868 et
791 831 892 885 pessus
910 823 968 887 est;
989 816 1044 872 hec
1061 823 1109 874 vo'·

200 892 253 947 luit
275 909 456 968 quaecunque
480 897 575 952 voluit
610 897 678 954 Ideo
704 900 777 954 enim
805 901 970 958 necessitate
995 901 1109 960 fuerunt
1125 893 1158 962 23

199 979 267 1049 quia
283 979 378 1035 future
404 988 496 1053 erunt,
520 987 549 1038 et
571 982 666 1038 futuru
683 989 763 1038 erant
782 985 849 1056 quie
867 986 993 1058 fuerunt,
1017 994 1047 1044 et
1062 989 1107 1044 tu·

198 1071 279 1119 erunt
296 1065 362 1136 quin
379 1067 505 1138 inerunt;
526 1073 554 1124 et
574 1068 598 1122 si
614 1069 657 1122 vis
674 1069 796 1123 omnium
813 1087 885 1143 queo
903 1071 971 1128 iecit
987 1078 1017 1128 et
1034 1090 1106 1146 qnae

197 1165 297 1218 pessus
332 1157 389 1222 est,
430 1169 525 1207 susm
560 1153 631 1207 scire
665 1155 874 1226 necessitatem,
909 1154 978 1213 scito
1013 1159 1107 1214 omnis

196 1249 231 1288 ex
249 1237 414 1302 necessitate
430 1237 531 1303 inisse,
550 1238 616 1310 quin
634 1238 695 1308 ipse
711 1238 808 1294 voluit.
843 1239 1024 1297 Voluntatem
1039 1259 1105 1314 vero
1122 1243 1156 1296 29

193 1319 255 1374 eius
283 1321 362 1376 nulls
388 1324 541 1393 praecessit
565 1323 724 1380 necessitas.
762 1323 853 1388 Quare
880 1325 976 1382 sinon
992 1327 1106 1384 inerunt

196 1405 250 1460 nisi
267 1407 334 1478 quin
350 1408 412 1478 ipse
429 1409 527 1480 voluit,
553 1410 578 1463 si
596 1425 653 1464 non
670 1410 803 1466 voluisset
821 1426 877 1465 non
894 1411 1020 1467 fuissent
1057 1411 1105 1468 Sic

194 1490 289 1563 itaque
313 1509 394 1548 nemo
416 1494 482 1549 tulit
506 1494 628 1550 enimam
648 1495 762 1551 eiusab
781 1496 843 1567 illo,
865 1496 917 1551 sed
934 1496 995 1566 ipse
1011 1498 1105 1568 posuit

195 1593 256 1632 eam
273 1584 302 1633 et
324 1579 424 1634 iterum
449 1580 548 1635 sumsit
568 1597 643 1648 eem;
671 1581 737 1651 quis
756 1585 922 1650 potestatem
939 1580 1038 1636 hebuit
1054 1599 1104 1652 po·

192 1663 279 1717 nendi
296 1664 418 1719 unimam
435 1682 512 1721 susm
532 1671 562 1721 et
578 1667 679 1722 iterum
702 1665 831 1722 sumendi
857 1682 930 1736 eum,
953 1666 1104 1738 sicutipse

196 1749 272 1804 dixit.
281 1751 300 1817 ¹)
339 1751 407 1805 Bos.
438 1750 604 1807 Satisfecisti
620 1751 699 1821 mihi,
722 1751 801 1806 illum
818 1768 874 1807 non
891 1767 974 1822 posse
990 1751 1103 1822 probari
1121 1755 1153 1807 30

194 1834 254 1889 ullu
278 1835 443 1911 necessitate
467 1843 583 1894 mortem
606 1837 740 1907 subiisee3
763 1854 815 1893 nec
841 1853 885 1892 me
909 1838 1048 1909 poenitet,
1070 1843 1103 1892 ut

194 1919 246 1975 hoc
273 1921 379 1977 faceres
405 1922 592 1994 importunum
617 1923 670 1979 tibi
684 1922 830 1988 extitisse.
866 1925 936 1978 Aue.
972 1921 1100 1978 Ostendi·
1119 1927 1150 1979 31

194 2023 264 2074 mus,
287 2013 319 2062 ut
335 2013 416 2079 puto,
445 2015 549 2064 cenem
572 2010 725 2078 rationem,
747 2010 885 2079 quomodo
902 2007 979 2064 Deus
996 2023 1101 2062 ussum·

192 2090 261 2147 serit
281 2091 422 2149 hominem
445 2094 505 2148 sine
530 2099 647 2165 peccato
673 2094 710 2148 de
735 2110 828 2148 messa
854 2094 1025 2165 peccatrice,
1052 2093 1102 2148 sed

193 2191 371 2248 nequaquem
393 2179 552 2250 negandum
574 2179 690 2233 aestimo
713 2179 796 2232 aliem
815 2193 874 2234 esse
890 2183 1002 2249 praeter
1018 2179 1102 2232 istum
1130 2199 1132 2204 ·

192 2279 277 2333 quem
303 2263 434 2334 diximus,
463 2267 579 2336 excepto
604 2264 659 2318 hoc
688 2264 753 2335 quin
779 2263 857 2318 Deus
882 2263 975 2318 iecere
1000 2268 1102 2333 potest,

192 2349 269 2419 quod
291 2347 411 2403 hominis
435 2350 507 2404 ratio
528 2349 760 2421 comprehendere
781 2366 838 2404 non
855 2354 954 2419 potest.
995 2349 1099 2404 Verum
1118 2351 1150 2403 32

192 2432 324 2504 quoniam
342 2439 371 2488 et
388 2434 443 2488 iste
459 2431 527 2487 mihi
545 2426 754 2506 videtur'posse
770 2433 909 2500 sufficere,
928 2436 956 2485 et
975 2431 998 2484 si
1016 2431 1100 2510 uliam

193 2536 267 2573 nunc
285 2519 425 2590 inquirere
449 2517 550 2572 vellem
577 2533 690 2575 necesse
717 2525 791 2574 esset
820 2516 1001 2587 investigere,
1031 2516 1099 2587 quid

192 2604 229 2658 sit
253 2603 388 2676 originale
413 2607 559 2674 peccatum
582 2603 611 2657 'et
627 2605 764 2675 quomodo
788 2601 919 2673 eprimis
935 2601 1099 2672 perentibus

191 2689 221 2744 in
236 2691 396 2747 universum
413 2705 501 2760 genus
512 2687 664 2742 humanum
681 2695 792 2760 praeter
808 2688 897 2757 illum,
914 2688 948 2744 de
966 2705 1021 2759 quo
1039 2689 1098 2760 agi-

191 2793 266 2845 mus,
295 2776 434 2831 hominem
466 2773 654 2842 diffundatur3
691 2781 720 2829 et
749 2773 871 2829 incidere
902 2773 931 2827 in
962 2773 1119 2846 quasdam-

191 2859 261 2916 elies
285 2861 460 2932 quaestiones
483 2876 555 2931 quae
580 2877 661 2914 suum
688 2858 831 2929 postulent
858 2862 1024 2924 tractatum
1056 2873 1096 2926 en,

191 2962 275 3018 quam
293 2947 419 3016 diximus,
437 2945 546 3000 ratione
562 2945 685 2999 contenti
703 2961 774 3015 queo
794 2944 829 2998 de
846 2943 974 3013 incoepto
991 2946 1097 2996 restent

189 3047 273 3103 opere
289 3048 497 3104 prosequemur.
535 3032 604 3084 Boe.
633 3029 674 3086 Ut
697 3029 755 3099 vis3
778 3028 828 3082 sed
852 3043 884 3082 eo
901 3032 997 3098 pecto,
1016 3029 1048 3078 ut
1063 3031 1095 3079 tu
1113 3031 1145 3082 33

187 3116 339 3188 aliquando
364 3117 514 3172 auxiliante
539 3116 601 3171 Deo
624 3115 699 3168 iilam
728 3115 810 3168 elium
839 3111 985 3180 rationem,
1012 3126 1094 3181 quem

189 3218 264 3256 nunc
292 3201 430 3272 inquirere
461 3203 547 3272 vites,
584 3201 664 3274 quasi
696 3200 818 3256 debitum
842 3197 974 3254 exsolves.
1021 3197 1093 3252 Aue.
1112 3204 1147 3257 34

259 3356 283 3423 1)
302 3354 358 3410 Otr.
376 3355 474 3430 Ioann,
494 3362 533 3427 10,
553 3361 593 3417 18.
927 3439 943 3474 ξ

905 3445 920 3494 6
