2628 3810
230 290 273 356 48
418 287 445 344 s.
462 287 634 344 11111111
651 285 959 344 111111111111

229 456 299 512 facit
316 463 348 513 ut
365 475 421 513 non
437 458 549 527 reddat,
575 475 632 513 nou
650 462 763 512 excusat
786 457 940 527 hominem,
965 457 989 511 si
1005 475 1061 513 non
1077 459 1139 514 red·

231 541 285 604 dit;
316 542 446 614 quoniam
476 543 607 599 effectum
637 541 745 615 peccati
773 559 829 597 non
855 551 967 599 excusat
993 550 1139 615 peccatum
1200 552 1207 556 '

231 627 307 699 quod
323 626 401 685 facit.
432 631 500 684 Boe.
520 630 559 684 Et
576 645 661 700 grave
679 626 760 682 nimis
782 634 824 683 est
844 635 872 683 et
891 628 931 683 ita
949 645 1009 684 esse
1026 646 1139 685 necesse

181 717 210 772 11
230 721 280 770 111
314 716 385 767 Aac.
420 713 543 768 Iniustus
562 731 628 784 ergo
645 714 726 768 homo
744 720 800 782 est,
827 713 876 783 qui
893 731 950 769 nou
967 715 1059 770 reddit
1077 716 1139 770 Deo

230 799 306 871 quod
326 798 417 855 debet.
452 802 522 854 Boc.
557 798 645 854 Nimis
669 799 712 852 111
732 815 842 868 rerum3
867 815 932 853 uam
957 799 1075 854 iniustus
1098 805 1140 854 111

230 885 297 957 quia
326 899 382 938 non
407 883 512 952 reddit,
542 885 570 937 et
598 881 717 936 iniustus
740 888 784 938 est
808 882 875 955 quia
897 885 1014 940 reddere
1035 885 1139 957 nequit.

181 974 212 1025 12
229 971 298 1023 Arca.
323 967 424 1024 Nullus
442 971 535 1019 autem
554 963 672 1018 iniustus
692 968 854 1024 admittetur
870 967 908 1022 ad
924 969 1138 1040 beatitudinem

229 1053 374 1125 quoniam,
405 1049 637 1122 quemadmodum
667 1051 812 1108 beatitudo
843 1058 886 1107 cst
914 1054 1080 1111 sufficientia
1109 1056 1139 1110 in

230 1155 285 1210 que
305 1137 384 1192 nulla
401 1142 443 1192 est
460 1135 629 1206 indigentia,
656 1136 696 1191 sic
719 1137 791 1190 nulli
815 1138 944 1193 convenit
962 1139 1015 1194 nisi
1033 1141 1064 1195 in
1083 1158 1139 1213 quo

229 1224 268 1278 ita
284 1239 355 1293 pura
368 1228 409 1278 est
420 1219 534 1289 iustitia,
552 1228 584 1276 ut
597 1221 676 1276 nulla
686 1223 716 1276 in
729 1239 761 1278 eo
773 1223 809 1277 sit
822 1222 965 1279 iniustitia.
992 1227 1061 1279 Bor.
1073 1227 1138 1282 Non

180 1305 211 1356 13
229 1307 318 1362 audeo
342 1307 423 1361 aliter
452 1307 573 1362 credere.
608 1309 677 1362 Aca
714 1307 768 1372 Qui
794 1325 860 1380 ergo
885 1325 942 1363 non
969 1308 1051 1366 solvit
1076 1311 1138 1366 Deo

229 1393 305 1465 quod
330 1393 424 1462 debet,
453 1410 509 1447 non
535 1393 639 1464 poterit
668 1410 728 1448 esse
752 1393 860 1448 beatus.
899 1395 968 1449 Bor.
1003 1394 1063 1450 Nec
1085 1393 1139 1450 hoo

179 1478 211 1530 14
229 1478 362 1550 consequi
378 1493 482 1549 negare
499 1496 620 1550 possum.
655 1480 724 1533 Aac.
754 1478 878 1543 Quodsi
896 1480 938 1534 vis
956 1479 1055 1548 dicere,
1072 1480 1138 1551 quia

227 1563 382 1620 misericors
401 1563 478 1618 Deus
495 1565 610 1620 dimittit
627 1563 798 1635 supplicanti
817 1565 893 1635 quod
911 1563 1010 1632 debet,
1034 1562 1139 1618 idcirco

228 1649 295 1722 quia
311 1650 427 1704 reddere
444 1648 554 1719 nequit,
576 1664 633 1702 nou
651 1655 744 1719 potest
762 1649 818 1702 dici
837 1643 991 1717 dimittere,
1016 1647 1071 1700 nisi
1088 1652 1138 1701 aut

226 1735 278 1791 hoc
306 1735 381 1807 quod
408 1734 490 1788 homo
518 1740 616 1804 sponte
635 1733 761 1788 ,reddere
790 1733 873 1790 debet
900 1750 951 1789 nec
976 1736 1081 1803 potest,
1107 1731 1138 1786 id

152 1817 159 1843 ¹
227 1827 282 1890 est,
308 1819 383 1890 quod
405 1819 609 1888 recompensari
630 1817 720 1888 possit
744 1822 872 1888 peccato,
896 1817 971 1889 quod
994 1816 1055 1870 fieri
1078 1833 1136 1870 non

228 1906 343 1960 deberet
360 1919 411 1974 pro
431 1902 640 1958 conservatione
657 1903 746 1956 omnis
763 1903 805 1957 rei
823 1921 895 1975 quae
912 1903 990 1960 Deus
1006 1919 1062 1957 non
1080 1906 1136 1972 est3

227 1997 276 2046 aut
305 1988 358 2043 hoc
391 1986 465 2059 quod
495 1985 636 2057 puniendo
667 1993 726 2042 erat
756 1988 899 2042 ablaturus
929 1987 1030 2058 invito,
1064 1987 1136 2043 sicut

227 2091 313 2146 supra
322 2076 342 2143 ¹)
367 2072 438 2142 dixi,
466 2072 484 2127 i.
502 2089 525 2128 e.
551 2071 771 2142 beatitudinem
799 2074 849 2128 sed
877 2074 901 2127 si
928 2073 1042 2128 dimittit
1060 2073 1136 2145 quod

228 2165 326 2234 sponte
344 2159 460 2215 reddere
479 2156 562 2213 debet
579 2157 677 2227 homo,
701 2157 766 2212 ideo
784 2157 850 2228 quia
867 2157 983 2214 reddere
1001 2175 1057 2213 non
1074 2165 1135 2230 pot-

227 2253 281 2319 est,
308 2246 376 2319 quid
399 2251 441 2300 est
465 2243 555 2313 aliud,
583 2259 667 2314 quam
691 2242 806 2296 dimittit
827 2241 905 2298 Deus
934 2245 1009 2315 quod
1033 2243 1141 2300 habere

225 2352 282 2390 nou
301 2331 413 2404 potest?
448 2329 504 2386 Sed
529 2329 629 2386 derisio
653 2333 708 2396 est,
732 2331 765 2381 ut
787 2327 851 2382 talis
869 2327 1059 2386 misericordia
1075 2329 1136 2384 Deo

178 2417 208 2468 15
226 2417 402 2474 attribuatur.
436 2414 477 2467 At
500 2413 525 2466 si
547 2413 663 2467 dimittit
686 2413 762 2484 quod
784 2413 872 2470 invito
897 2420 958 2472 erat
981 2415 1135 2484 ablaturus,

225 2507 339 2575 propter
361 2498 553 2570 impotentiam
577 2497 712 2554 reddendi
737 2500 812 2569 quod
838 2506 937 2570 sponte
955 2500 1071 2556 reddere
1089 2499 1135 2553 de-

160 2569 164 2614 *
225 2588 286 2657 bet,
317 2586 425 2642 relaxat
452 2582 530 2638 Deus
557 2598 676 2652 poenam
705 2588 734 2638 et
764 2584 832 2639 facit
859 2585 972 2641 beatum
997 2582 1135 2638 hominem

226 2678 340 2744 propter
364 2673 522 2741 peccatum,
551 2667 617 2739 quia
639 2668 725 2725 habet
751 2670 827 2741 quod
850 2671 934 2726 debet
951 2685 1008 2723 non
1025 2665 1136 2722 habere.

177 2758 209 2811 16
226 2759 299 2815 Nam
316 2755 404 2826 ipsam
428 2753 620 2824 impotentiam
644 2754 728 2818 debet
753 2773 809 2811 non
834 2755 950 2823 habere,
976 2757 1005 2807 et
1030 2751 1135 2808 idcirco

160 2889 165 2918 ,
205 2879 217 2902 1,
228 2841 360 2914 quamdiu
378 2838 456 2892 illam
468 2837 554 2894 habet
570 2839 629 2896 sine
646 2839 845 2904 satisfactione,
863 2842 1010 2910 peccatum
1021 2843 1065 2893 111
1077 2837 1133 2908 illi3

226 2945 322 2985 rerum
348 2924 507 2979 huiusmodi
533 2925 722 2980 misericordia
743 2925 798 2980 Dei
824 2923 906 2978 nimis
930 2930 971 2978 est
995 2923 1142 2980 contraria-

226 3013 349 3081 iustitiac
372 3009 465 3080 illius,
496 3025 568 3081 quae
591 3026 649 3066 non
675 3009 728 3064 nisi
753 3005 873 3079 poenam
896 3007 1031 3078 permittit
1052 3006 1139 3062 reddi

177 3100 208 3155 11
225 3105 351 3171 propter.
367 3100 523 3169 peccatum.
554 3139 560 3144 ,.
576 3093 750 3167 Quapropter
780 3091 1011 3166 quemadmodum
1040 3092 1140 3148 Deunr

227 3183 281 3301 si'
303 3201 363 3247 esse
387 3180 569 3249 contrarium,
583 3179 642 3233 ita.
659 3180 713 3234 hoc
737 3179 819 3236 modo
835 3177 920 3233 -illum
943 3194 1005 3236 esse
1027 3177 1140 3237 miseri-1

298 3337 324 3408 1)
340 3343 475 3409 (1.,,,,1ι1,.,5.Α
504 3383 524 3388 ..
630 3361 634 3370 =
665 3375 677 3382 ,,
767 3373 772 3378 .
819 3371 821 3376 .
