2628 3810
135 301 189 342 Vffi
417 298 635 358 PRAEFATIO
652 298 838 358 untionis.

133 481 169 542 et
187 472 239 540 ‘rei
267 473 393 556 amplae
421 473 661 558 profundaeque
692 493 833 559 congrua
857 473 970 540 mhum
996 493 1094 557 quan-

134 567 202 626 tum
229 559 462 644 supersedisse,
492 579 617 624 necnon
647 579 750 642 aequo
779 560 853 644 plus
882 579 1007 626 crucem
1028 559 1094 624 dia-

134 644 208 710 bolo
236 644 319 708 iuste
340 643 500 710 hominem
525 645 658 709 vexanti
679 643 773 726 quasi
792 645 1004 729 muscipulam
1027 651 1094 710 ten-

133 749 205 796 sam
235 727 372 814 arsisse,
408 730 511 796 nescit
530 747 639 794 nemo
677 729 711 792 in
742 729 877 794 historia
910 729 1095 813 dogmatum

136 814 381 881 christianorum
409 820 565 880 versatus.
608 815 651 879 At
678 833 755 880 vero
782 815 819 879 S..
832 814 1003 880 Anselmus
1030 835 1095 881 non

134 907 187 966 sat
207 898 320 964 habuit
342 919 413 963 curn
432 899 579 984 patribus
607 902 843 963 convenientiam
865 917 1009 965 asserere
1032 901 1094 966 sal-

132 985 286 1067 rationis,
316 984 442 1068 qualem
463 983 526 1049 Dei
551 983 637 1050 tilius
662 982 861 1050 humanitate
883 984 916 1048 in
936 1002 1095 1068 personae

133 1071 288 1136 unitatem
320 1075 463 1134 assumta
490 1069 614 1153 effecit,
646 1088 751 1152 neque
778 1070 996 1135 tantummodo
1026 1093 1094 1132 con·

132 1159 279 1220 tentiones
306 1152 390 1218 inter
410 1153 569 1219 Adamum
595 1160 627 1219 et
650 1153 811 1220 Christum
837 1155 965 1220 illiusve
986 1155 1094 1220 inobe-

133 1237 287 1304 dientiam
309 1245 540 1323 peccatumque
559 1238 756 1304 mortiterum
778 1245 810 1304 ct
831 1238 925 1307 huius
946 1239 1093 1306 obedien·
1141 1288 1143 1292 -

28 1366 30 1369 -
132 1325 211 1390 tiam
230 1323 449 1408 iustitiamque
473 1324 638 1390 vivificam·
661 1324 785 1408 absque
804 1322 900 1390 dnbio
922 1325 1093 1391 concinnas

132 1409 235 1475 voluit
263 1409 350 1493 fieri,
381 1408 439 1475 sed
468 1413 673 1474 necessitatem
706 1408 835 1474 divinae
863 1409 1093 1476 humiliationis

130 1493 413 1565 demonstrandam
442 1499 539 1578 atque
565 1495 778 1559 rationabilem
808 1495 989 1559 soliditatem
1010 1495 1093 1560 veri-

132 1577 224 1664 tatis,
254 1580 342 1646 ouius
371 1580 531 1665 principia
559 1585 591 1644 et
618 1579 763 1663 germina
785 1578 872 1664 apud
894 1579 1093 1665 superiorum

130 1671 309 1751 temporum
330 1663 475 1730 doctores
497 1662 672 1746 indagavit,
696 1681 768 1730 esse
789 1665 1015 1749 explicandam
1036 1664 1092 1730 ha-

130 1749 200 1815 buit
228 1769 425 1835 persuasum.
473 1750 646 1813 Praeterea
674 1755 781 1814 autem
809 1751 1092 1834 argumentationi-

130 1834 191 1901 bus
219 1836 367 1919 istorum,
397 1833 452 1916 qui
474 1839 540 1897 tam
568 1832 731 1898 diabolum
758 1853 817 1918 per
837 1834 960 1918 lignum
980 1835 1014 1900 in
1034 1855 1091 1920 pa·

130 1920 239 1986 radiso
282 1919 434 1985 victorem
476 1919 616 2001 aliquam
658 1917 693 1982 in
735 1919 929 2003 possidendo
965 1920 1092 1986 homine

129 2003 287 2070 iustitiam
312 2004 484 2087 mortisque
510 2002 679 2086 imperium
699 2002 850 2069 habuisse
868 2004 1091 2089 defenderunt,

130 2110 229 2174 quam
265 2089 401 2154 cundem
435 2108 567 2174 corpore
601 2088 730 2153 Domini
768 2089 802 2153 in
833 2095 966 2154 mortem
998 2097 1091 2175 rapto

130 2176 219 2240 hami
240 2173 417 2240 divinitatis
435 2173 471 2237 in
493 2194 531 2240 eo
552 2173 666 2239 inclusi
688 2173 922 2257 imprudentem
943 2194 1015 2241 esse
1037 2176 1090 2240 de-

130 2260 252 2326 victum
268 2260 460 2342 illusumque
479 2264 684 2341 censuerunt,
710 2295 753 2303 -——
781 2277 912 2342 prorsus
934 2259 1092 2327 dubitavit

131 2344 239 2411 album
271 2345 411 2410 adiicere
441 2344 608 2409 calculum.
661 2344 775 2427 Neque
808 2344 893 2409 enim
925 2347 990 2411 ullo
1022 2346 1091 2409 iure
1194 2411 1198 2419 ,
1309 2379 1310 2424 3

130 2430 283 2496 Anselmo
311 2431 401 2495 visus
440 2434 490 2494 est
528 2434 696 2513 peccatum
731 2429 918 2513 peccatique
954 2437 1092 2515 poenam

131 2515 278 2581 diabolus
308 2516 349 2580 ab
375 2513 555 2579 hominibus
585 2517 660 2578 ante
688 2513 873 2597 passionem
900 2515 1092 2580 dominicam

129 2601 296 2684 exegisse3
325 2620 363 2665 ac
384 2599 592 2665 scholasticus
619 2604 728 2664 noster
750 2602 899 2681 quoniam
921 2606 1007 2666 recte
1030 2601 1090 2666 Ve-
1191 2681 1193 2685 v

129 2685 258 2750 ritatem
278 2685 379 2749 ullum
399 2683 511 2750 fallere
532 2683 680 2768 negarit,
702 2683 854 2750 virtutem
874 2685 1017 2751 divinam
1033 2684 1090 2750 hu-

62 2816 65 2821 -
129 2789 226 2846 mana
245 2769 425 2835 humilitate
443 2768 528 2834 hunc
552 2768 585 2833 in
606 2768 703 2834 finem
722 2775 880 2856 opertam,
909 2777 944 2835 ut
966 2769 1091 2835 fallare-

130 2861 183 2920 tur
202 2854 369 2920 falleretve
398 2873 433 2919 se
460 2854 515 2937 qni
534 2853 675 2920 fallendo
697 2854 857 2920 hominem
875 2854 915 2920 de
937 2854 1090 2939 paradiso

78 2991 81 2998 .
129 2939 302 3006 deiecisset
332 2938 494 3023 diabolus,
522 2939 698 3004 concedere
726 2941 856 3023 nequiit.
900 2940 1091 3006 Huiusmodi

128 3024 227 3108 igitur
250 3063 289 3071 -
311 3024 418 3108 quoad
440 3023 558 3106 dogma
583 3024 812 3090 satisfactionis
834 3063 876 3074 -
898 3025 1091 3090 offendicula

129 3109 251 3194 legenti
272 3116 400 3194 patrum
419 3109 541 3192 scripta
562 3107 658 3174 Becci
679 3109 744 3174 iam
766 3115 984 3194 occurrerunt,
1007 3129 1090 3193 quae

129 3195 164 3261 in
192 3193 262 3260 dies
291 3194 429 3262 adaucta
458 3193 520 3260 sibi
552 3194 648 3259 evelli
680 3213 744 3260 non
776 3213 872 3279 posse
903 3193 994 3279 vidit,
1026 3195 1091 3261 nisi

128 3279 199 3365 ipse
213 3299 288 3346 rem
310 3286 426 3346 exacta
440 3278 709 3344 demonstratione
724 3285 872 3362 egentem
886 3280 1090 3345 retractando

128 3374 163 3434 et
183 3372 292 3452 partes
314 3386 334 3431 a
355 3365 528 3432 maioribus
549 3362 679 3430 relictos
699 3363 845 3447 expleret
867 3369 900 3429 et
920 3364 1090 3430 veritatem
