2628 3810
215 239 260 304 ui
362 191 365 198 ⁴
398 231 937 296 s·.nnsemnennruiii1nums
1010 200 1016 211 ’

111 441 113 448 ·
215 405 293 466 ,enim
312 406 372 462 vult
388 407 466 463 Deuo
483 412 516 462 ut
533 407 620 478 pluet,
639 406 742 462 iustum
760 413 803 462 eet
820 411 854 462 ut
864 407 958 478 pinon
977 413 1005 462 et
1021 407 1045 460 oi
1061 407 1121 462 vult

165 507 179 538 ε’
218 495 252 546 ut
280 490 381 565 uliquis
409 493 491 547 hoino
517 493 677 561 deeidam,
709 493 812 547 iustum
841 483 885 548 est
912 499 944 546 ut
972 491 1122 548 oeeidotm.

168 577 201 628 io
216 573 395 649 Quapropter
412 577 437 632 si
464 597 520 635 non
541 579 622 634 deoet
637 578 729 634 Deum
749 578 858 650 ¹aliquid
883 577 984 634 iniuste
1011 582 1061 632 eut
1081 577 1123 632 in·

216 661 345 720 ordinate
375 663 482 735 faeere,
512 681 568 719 non
598 665 719 736 pertinet
739 664 776 718 ed
803 666 862 719 eius
887 666 1045 722 libertatem
1073 671 1141 722 out

218 746 421 820 benignitatem
446 755 495 803 out
515 748 700 818 voluntatem,
728 756 903 819 peccantem,
932 752 980 822 qui
997 768 1057 806 non·
1071 751 1123 805 eol-

169 826 209 886 21‘
220 833 260 889 vit
276 834 338 891 Deo
357 835 432 906 quod
448 833 570 898 abstulit,
589 832 754 902 impunitum
766 833 910 890 dimittere.
937 837 1006 890 Boo.
1025 836 1124 892 Omnia

219 918 287 976 mihi
304 920 405 988 aufere,
424 933 497 990 quae
514 919 648 988 putabam
664 917 717 974 tihi
734 937 815 990 posse
833 919 925 975 obiici.
961 921 1031 976 Ano.
1049 919 1122 978 Vide

218 999 322 1072 odino,
338 1021 387 1058 our
403 995 496 1059 Deum
516 1019 572 1057 non
590 1003 687 1058 decent
703 1005 755 1062 hoe
769 1005 887 1061 *secerni
917 1007 985 1060 Boo.
1022 1007 1124 1063 Liben-

220 1093 263 1143 ter
280 1090 406 1144 eueoulto
424 1088 661 1162 quidquiddioio.
695 1110 697 1116 ’

190 1293 230 1343 Ῑ”
299 1279 367 1366 13·
415 1315 485 1380 Ano.
519 1311 596 1369 Nihil
612 1311 702 1386 minus
726 1312 903 1370 tolerandum
923 1316 965 1365 est
984 1311 1014 1364 in
1031 1327 1123 1367 rerum

146 1423 176 1476 Α(
221 1393 331 1466 ordine,
361 1415 445 1467 quam
475 1404 507 1452 ut
537 1403 665 1454 ereatura
694 1395 812 1451 creatori
841 1395 966 1454 debitum
996 1396 1127 1478 honorem

221 1479 341 1551 auferet,
370 1489 398 1538 et
423 1471 479 1539 non
504 1483 593 1538 solvet
619 1483 694 1554 quod
723 1482 821 1536 aufert.
868 1485 934 1538 Boe.
969 1483 1030 1538 Hoe
1056 1482 1126 1536 nihil

108 1611 130 1625 ,,
186 1567 332 1623 helarius.
367 1569 436 1622 Ano.
455 1568 533 1624 Nihil
552 1575 645 1622 eutem
664 1567 791 1622 iniustius
808 1559 950 1634 toleratur,
970 1585 1053 1638 quam
1072 1585 1127 1638 quo

170 1682 173 1690 =
222 1651 292 1708 nihil
315 1653 406 1708 minus
425 1660 473 1726 est
499 1641 785 1721 tolerandum-‘Boe
812 1653 911 1724 Neque
936 1652 989 1706 hoe
1014 1658 1056 1707 eet
1079 1653 1138 1709 ob·'

188 1741 343 1792 3oourum.
379 1739 449 1795 Ano.
480 1739 554 1792 Puto
572 1755 650 1808 ergo,
664 1736 730 1807 quie
749 1754 805 1791 non
824 1737 898 1797 dicei
917 1737 1009 1792 Deum
1027 1738 1128 1804 debere

223 1823 353 1890 tolerare,
389 1839 445 1893 quo
475 1821 544 1877 nihil
575 1820 704 1901 iniustius
733 1821 881 1892 toleretur,
912 1827 943 1876 ut
971 1830 1098 1878 creature
1107 1825 1126 1892 ¹)

116 1945 134 1958 Α
172 1939 181 1986 3
223 1922 279 1961 non
305 1905 406 1960 reddet
430 1906 492 1961 Deo
520 1904 595 1976 quod
622 1904 721 1960 aufert.
761 1909 830 1960 Boo.
863 1906 925 1962 Imo
947 1907 1057 1977 penitus
1081 1925 1128 1963 ne·

188 1991 206 2040 4
223 1990 348 2062 gendum
365 2007 430 2046 esse
442 1989 530 2047 video.
566 1991 636 2044 Ano.
671 1989 742 2044 Item
767 1992 790 2044 si
807 1991 869 2046 Deo
885 1991 955 2046 nihil
973 1983 1061 2048 maius
1080 1998 1130 2048 eut

225 2076 323 2132 melius
342 2081 398 2146 est3
424 2069 494 2132 nihil
512 2075 620 2145 iustius,
641 2090 724 2146 quem
742 2093 814 2146 quoe
831 2075 963 2131 honorem
981 2077 1055 2133 illius
1073 2097 1129 2134 ser·

141 2228 154 2234 ,
224 2163 274 2217 'vat
292 2162 321 2216 in
337 2180 429 2218 rerum
447 2162 643 2233 dispositione,
661 2177 768 2215 summe
784 2161 904 2230 iustitie,
925 2179 995 2233 quae
1013 2182 1069 2218 non
1088 2170 1129 2219 est
1174 2221 1176 2226 ,

173 2281 177 2296 1
225 2249 301 2306 eliud
329 2267 413 2321 quem
439 2249 500 2320 ipse
521 2247 609 2302 Deus.
643 2247 716 2298 Bon
746 2245 808 2298 Hoo
831 2263 942 2318 quoque
962 2248 1032 2303 nihil
1051 2268 1130 2321 eper-

192 2335 287 2390 ttiue.
343 2337 412 2389 Ano.
452 2331 530 2389 Nihil
564 2347 630 2402 ergo
665 2335 758 2384 servet
794 2329 871 2385 Deus
910 2333 1009 2390 iustius
1045 2351 1129 2407 quem

224 2436 290 2474 onae
314 2419 458 2490 dignitatis
481 2417 620 2471 honorem.
655 2418 723 2470 Bor.
760 2415 918 2474 Concedere
943 2436 986 2474 me
1012 2424 1129 2490 oportet

191 2505 207 2556 6
225 2505 293 2556 Aoi.
316 2503 448 2575 ¹Videtur
464 2503 525 2571 tibi,
550 2500 625 2572 quod
643 2517 706 2555 eum
726 2503 833 2574 integre
854 2509 959 2572 servet,
984 2501 1008 2556 ei
1024 2502 1063 2555 oio
1081 2519 1129 2556 eu·

225 2587 292 2641 ferri
317 2587 371 2643 sibi
398 2587 547 2660 permittit,
574 2593 605 2640 ut
628 2603 679 2641 neo
707 2587 829 2644 solvatur
851 2606 903 2646 nee
926 2587 987 2656 ipse
1004 2584 1129 2640 auferen-

192 2675 281 2728 'ltem
304 2673 422 2742 puniat?
463 2676 531 2728 Boe.
566 2671 629 2729 Non
655 2673 745 2728 audeo
767 2675 867 2730 dioere.
902 2673 974 2727 Aoo.
1008 2671 1129 2727 Necesse

168 2822 170 2827 1
226 2763 269 2812 est
299 2773 378 2828 ergo,
415 2764 447 2812 ut
478 2765 528 2814 aut
556 2758 666 2813 oblatus
696 2755 784 2814 honor
811 2756 935 2811 solvatur
962 2761 1012 2810 eut
1039 2771 1130 2825 poene

226 2847 373 2914 nequitum
411 2843 535 2913 alioquin
574 2851 623 2899 aut
655 2844 709 2899 eibi
744 2842 798 2913 ipsi
820 2839 910 2916 vDeus
945 2839 1034 2894 iustus
1073 2858 1130 2897 non

226 2929 280 2985 erit
308 2935 357 2982 aut
386 2927 424 2981 ad
450 2934 597 2999 utrumque
624 2928 759 3000 impotem
788 2927 855 2981 erit:
886 2924 961 2996 quod
984 2925 1062 2980 nefas
1087 2931 1131 2982 eit

171 2998 179 3010 “
224 3014 270 3070 vei
297 3011 429 3085 cogitare.
473 3007 543 3067 'noi
578 3013 655 3070 uiii
684 3009 877 3068 rationabilius
905 3009 961 3064 diei
984 3028 1067 3083 pone
1089 3011 1131 3065 in-

225 3099 331 3170 telligo.

230 3229 650 3242 --—-—-—-—.—----

280 3283 326 3372 'n
349 3313 379 3359 or
396 3307 473 3375 qima
490 3297 638 3372 maron
664 3298 773 3354 iaie
790 3299 890 3356 uon
910 3301 998 3356 onie.
1016 3297 1132 3370 „noer
