2628 3810
212 293 253 361 12
393 291 422 349 S.
443 290 614 349 ANSELMI
632 289 940 348 GANTUARIENSIS

211 478 307 518 sonam
330 461 360 518 in
384 461 493 516 duabus
516 459 624 516 naturis
647 465 676 514 ct
692 458 768 512 'duas
794 465 907 514 natiuae
930 459 960 514 in
981 452 1039 514 una
1055 475 1117 530 per-

177 549 288 604 tsoua.
333 546 509 618 Quapropter
534 561 599 600 cum
626 543 743 598 dicimus
766 544 858 599 Deum
880 544 999 616 aliquid·
1012 543 1118 602 humile

209 639 260 689 aut
275 631 414 688 infirmum
430 630 504 702 pati,
520 648 577 686 non
593 629 646 686 hoc
663 628 844 700 intelligimus
862 632 1016 686 secundum
1033 627 1118 684 subli-

210 720 336 776 mitatem
361 715 540 788 impassibilis
567 722 697 784 naturae,
730 715 779 770 sed
800 716 953 771 secundum
975 714 1117 770 infirmita·

209 811 267 860 tem
283 805 421 860 humanae
444 800 616 856 substantiae
638 815 722 868 quam
746 799 877 871 gerebam
902 801 988 856 etsie
1006 807 1117 856 nostrae

177 890 193 942 8
210 889 277 946 fidei
297 889 375 944 nulla
397 887 468 942 ratio
490 885 603 942 obviare
626 885 811 956 cognoscitur.
847 885 894 940 Sic
916 885 990 940 enim
1011 885 1118 940 nullam

211 974 321 1031 divinae
340 971 513 1028 substantiae
530 969 718 1041 significamus
738 969 937 1038 humilitatem,
963 970 1014 1023 sed
1033 987 1118 1025 unam

177 1053 270 1115 9Dei·
291 1064 319 1114 et
340 1057 460 1114 hominis
485 1060 669 1111 monstramus
696 1072 756 1112 esse
782 1071 935 1126 personam.
970 1053 1035 1111 Non
1052 1072 1118 1126 ergo

172 1147 175 1158 “
210 1143 400 1200 incarnatione
410 1147 430 1212 ¹)
448 1142 504 1197 Dei
529 1141 670 1196 humilitas
693 1142 752 1197 eius
776 1141 835 1196 ulla
851 1139 1017 1211 intelligitur
1033 1140 1119 1205 iacta,
1155 1201 1159 1210 ,

162 1232 194 1284 10
212 1231 263 1286 sed
294 1234 396 1284 natura
425 1226 544 1282 hominis
572 1226 695 1282 creditur
725 1225 853 1282 exaltata
894 1229 963 1280 Bos.
997 1223 1043 1280 Ita
1068 1226 1119 1282 eit:

211 1315 282 1372 nihil
305 1313 457 1385 imputetur
480 1311 590 1366 divinae
617 1317 749 1377 naturae,
774 1310 850 1382 quod
873 1311 1026 1366 secundum
1044 1309 1119 1364 infir·

211 1401 337 1456 mitatem
362 1398 482 1454 hominis
511 1399 547 1454 de
572 1396 682 1453 Christo
711 1395 827 1465 dicitur3
858 1413 954 1451 verum
980 1395 1119 1467 quomodo

210 1486 316 1540 iustum
334 1490 383 1538 aut
400 1483 565 1539 rationabile
584 1481 698 1554 probari
714 1481 831 1552 poterit,
856 1481 922 1552 quia
936 1482 1014 1538 Deua
1031 1481 1118 1536 homi-
1136 1528 1139 1535 .

211 1588 277 1627 nem
300 1569 392 1638 illurn,
416 1584 500 1639 quern
519 1567 603 1623 Pater
621 1568 725 1623 Filium
747 1585 828 1622 suum
854 1567 986 1621 dilectum
1009 1565 1040 1619 in
1063 1581 1119 1636 quo

212 1656 267 1712 sibi
284 1654 356 1710 bene
376 1652 558 1724 complacuit,
580 1653 719 1722 vocavit2)
738 1659 766 1708 et
786 1669 868 1724 quem
887 1651 976 1706 Filius
996 1650 1119 1721 seipsum

162 1742 192 1794 11
212 1740 292 1809 fecit,
315 1739 356 1794 sio
379 1737 512 1792 tractavit
535 1742 585 1792 aut
610 1738 725 1792 tractari
749 1737 895 1808 permisit?
931 1735 1009 1801 Quae
1025 1740 1119 1791 autern

212 1824 319 1880 iustitia
339 1830 387 1892 est,
411 1823 550 1878 hominem
570 1823 692 1878 omnium
709 1823 889 1878 iustissimum
910 1821 993 1876 morti
1009 1820 1119 1876 madere

212 1927 264 1982 pro
294 1908 459 1981 peccatore?
503 1907 572 1972 Quis
599 1908 692 1979 homo,
722 1908 746 1962 si
772 1908 946 1965 innocentem
974 1906 1120 1961 damnaret

164 1998 195 2050 12
213 2001 246 2050 ut
262 2000 408 2049 nocentem
426 1993 566 2062 liberaret,
584 1992 758 2050 damnandus
774 2013 831 2050 uon
848 1990 1036 2048 iudicaretur?
1070 1991 1119 2046 Ad

213 2080 288 2135 idem
320 2081 394 2148 res³)
424 2078 526 2134 deduci
553 2078 664 2134 videtur
693 2078 902 2148 inconveniens,
930 2078 1006 2148 quod
1035 2093 1120 2148 supra

214 2165 321 2219 dictum
346 2170 395 2220 est
429 2163 503 2222 Nam
529 2164 553 2219 si
580 2164 662 2219 aliter
690 2169 850 2234 peccatores
872 2181 928 2220 non
951 2164 1043 2234 potuit
1065 2163 1119 2218 sal-

212 2268 280 2306 vare
297 2267 382 2323 quam
400 2249 503 2305 iustum
529 2249 700 2317 damnando,
726 2249 777 2304 ubi
801 2254 844 2304 est
864 2251 924 2306 eius
949 2252 1119 2323 omnipoten

163 2337 196 2391 13
213 2335 273 2392 tia?
314 2337 344 2394 si
368 2353 433 2392 vcro
459 2335 551 2406 potuit
574 2334 624 2389 sed
646 2332 747 2401 noluit,
780 2335 916 2403 quomodo
940 2337 1119 2394 defendemus

165 2423 197 2476 14
214 2422 380 2493 sapientiam
397 2420 456 2475 eius
473 2425 558 2490 atque
575 2417 731 2472 iustitiam?
765 2419 835 2474 Am.
860 2420 937 2477 Deus
955 2420 1039 2477 Pater
1055 2438 1119 2491 non,

214 2499 448 2578 quemadmodum
470 2502 574 2556 videris
597 2501 767 2575 intelligere,
794 2503 933 2563 hominem
957 2507 1037 2568 illum
1064 2512 1121 2560 tra-

165 2594 196 2646 15
214 2591 301 2646 ctavit
325 2596 375 2645 aut
398 2589 573 2643 innocentem
593 2605 645 2659 pro
663 2595 779 2645 nocente
797 2593 879 2646 morti
897 2591 1020 2648 tradidit
1054 2591 1120 2646 Non

213 2675 288 2731 enim
315 2691 379 2729 eum
409 2672 526 2728 invitum
553 2673 590 2728 ad
620 2680 737 2730 mortem
766 2675 813 2732 illc
839 2676 932 2748 coegit
955 2680 1004 2731 aut
1028 2674 1121 2731 occidi

116 2755 131 2778 “
213 2760 353 2833 permisit,
371 2759 420 2815 sed
440 2759 514 2814 idem
532 2758 593 2829 ipsc
612 2766 710 2832 sponte
728 2778 778 2815 sua
794 2767 911 2816 mortem
927 2759 1070 2829 sustinuit,
1088 2765 1120 2815 ut

164 2848 196 2902 16
213 2843 337 2902 homines
357 2845 483 2900 salvaret.
518 2845 587 2903 Bos.
623 2845 716 2900 Etiam
733 2846 757 2900 si
774 2862 830 2901 non
845 2845 971 2914 invitum,
989 2844 1120 2916 quoniam

213 2930 350 2986 voluntati
381 2929 474 2984 Patris
503 2931 654 3001 consensit,
685 2928 889 3002 quodammodo
919 2935 1014 2986 tamen
1041 2929 1120 2985 iilum

164 3021 195 3072 17
214 3016 340 3089 coegisse
378 3014 489 3070 videtur
521 3016 727 3088 praecipiendo.
779 3013 891 3070 Dicitur
926 3015 1014 3086 enim,
1053 3017 1121 3088 quia

286 3209 298 3261 1
329 3221 360 3259 er
378 3221 394 3257 o
411 3204 443 3256 io
461 3201 784 3259 incarnatione-Aabc
801 3199 832 3256 0.

285 3279 301 3330 2
331 3222 388 3329 (id.
405 3271 505 3328 Mattln
524 3277 548 3342 3,
566 3278 606 3354 ¹⁷:
718 3339 725 3353 θ

286 3347 302 3398 3
333 3341 436 3398 Omnes
453 3341 533 3400 codd.
553 3346 641 3398 omitt.
661 3339 774 3410 „eraem‘f
786 3357 809 3397 r.
828 3339 939 3410 „erpo.“
