2628 3810
403 269 481 330 GUR
498 269 601 328 DEUS
617 267 734 326 Hosto.
770 270 793 326 Ι.
808 276 853 330 'le
871 275 910 332 2⁶.
1039 271 1093 337 de

186 441 297 498 cordam
315 447 357 496 est
374 441 559 512 'impossibile
594 443 663 496 Boe.
693 439 788 496 Aliam
806 440 861 498 Dei
877 441 1110 502 misericordiam,-

185 527 267 583 video
286 543 347 584 esse
366 526 562 598 quaerendam,
579 542 663 597 quam
679 524 770 582 istam
805 528 875 582 Ans.
897 525 1003 582 Verum
1020 531 1093 582 esto:
1113 523 1145 574 18

186 612 302 671 dimittit
318 613 396 668 Deus
414 610 448 680 ei,
465 610 514 682 qui
533 627 589 666 non
606 611 690 666 solvit
707 611 783 683 quod
800 612 892 680 debet,
911 609 1014 666 ideirco
1026 626 1093 680 quo-

185 699 262 754 niam
285 715 342 754 non
369 700 469 768 potest.
505 697 574 752 Boe.
602 695 649 751 Ita
663 697 771 760 vellem.
807 698 876 752 Ans.
904 694 944 752 At
961 695 1094 767 quamdiu
1112 696 1144 750 ta

185 801 243 842 non
268 783 379 852 reddet,
405 788 455 840 aut
480 781 554 836 volet
580 781 699 840 reddere
724 788 852 839 autnon
877 782 960 837 volet
996 781 1052 837 Sed
1070 781 1111 844 si,

185 869 261 926 volet
273 867 350 940 quod
360 885 416 924 non
427 867 537 937 poterit,
549 865 677 940 indigens
691 867 757 938 erit3
775 869 798 922 si
810 885 875 924 vero
888 885 944 925 non
956 867 1039 935 volet,
1053 865 1094 922 in-

185 954 275 1010 iustus
290 953 349 1009 erit.
375 955 444 1008 Boe.
455 952 517 1008 Hoc
530 951 600 1008 nihil
614 953 723 1010 clarius.
751 955 822 1010 Aac.
841 953 905 1010 Sive
917 959 1010 1010 autem
1021 951 1093 1007 indi·

186 1057 256 1111 gens
275 1039 333 1095 sive
347 1038 465 1096 iniustus
478 1038 523 1106 sit,
541 1037 640 1092 beatus
657 1057 713 1094 non
726 1039 784 1096 crit
812 1041 883 1096 Bor,
899 1039 937 1094 Et
950 1040 1003 1094 hoc
1016 1055 1093 1110 aper-

184 1131 252 1180 tum.
270 1126 340 1180 Ano.
355 1123 496 1190 Quamdiu
506 1140 572 1194 ergo
585 1139 641 1178 non
651 1121 758 1193 reddet,
772 1124 871 1180 beatus
883 1143 945 1182 esse
954 1141 1011 1180 non
1018 1131 1095 1195 pote·
1112 1117 1146 1166 ²⁰

184 1209 229 1266 rit
257 1212 326 1264 Boe.
348 1209 378 1266 Si
388 1209 523 1266 rationem
534 1214 667 1278 sequatur
677 1208 756 1264 Deus
767 1210 899 1280 iustitiae,
917 1229 974 1266 non
985 1215 1096 1281 estque

185 1295 288 1352 evadat
297 1293 380 1350 miser
391 1293 548 1363 homuncio,
566 1299 594 1348 et
607 1293 796 1350 misericordia
804 1295 860 1350 Dei
873 1296 964 1367 perire
976 1297 1095 1353 videtur.

170 1381 255 1436 -Ana
274 1380 422 1436 Rationem
433 1380 591 1450 postulasti,
609 1378 745 1437 rationem
757 1379 870 1450 accipe;
890 1381 1095 1440 misericordem
1112 1377 1143 1428 2¹

185 1465 278 1522 Deum
304 1482 443 1521 essenon
467 1481 552 1536 nego,
576 1465 625 1536 qui
646 1463 772 1520 homines
799 1471 827 1520 et
850 1465 975 1522 iumenta
999 1467 1096 1535 salvat,

186 1549 419 1624 quemadmodum
443 1548 642 1620 multiplicavit
668 1549 891 1606 misericordiam
911 1569 996 1607 suam.
1038 1551 1096 1607 Nos
1114 1549 1148 1600 22

184 1644 280 1696 autem
307 1634 448 1707 loquimur
473 1635 509 1690 de
534 1634 585 1689 illa
609 1635 709 1689 ultima
729 1635 931 1702 misericordia,
958 1651 1014 1706 qua
1032 1640 1098 1705 post

184 1724 257 1780 hauc
275 1723 361 1780 vitan
388 1721 503 1778 beatum
529 1719 598 1776 facit
619 1719 771 1790 bominem,
797 1721 870 1776 hanc
896 1719 1097 1775 beatitudinem

185 1810 258 1866 nulli
276 1809 337 1864 dari
357 1805 462 1864 debere
480 1804 535 1860 nisi
551 1805 606 1876 illi,
626 1805 671 1862 cui
688 1806 799 1876 penitus
820 1805 935 1862 dimissa
952 1809 1017 1859 sunt
1033 1820 1097 1874 pec-

187 1900 263 1962 cata,
295 1909 347 1948 neo
373 1891 447 1948 banc
478 1891 666 1946 dimissionem
692 1891 753 1948 fieri
777 1892 832 1947 nisi
858 1890 952 1947 debito
979 1887 1097 1958 reddito,

188 1978 262 2050 quod
300 1978 418 2034 debetur
452 1993 503 2047 pro
543 1983 658 2046 peceato
696 1979 849 2036 secundum
877 1975 1097 2048 magnitudinem

187 2064 311 2136 peceati,
341 2078 427 2133 supra
451 2062 550 2133 positis
578 2061 734 2120 rationibus
761 2070 830 2134 puto
854 2079 899 2118 me
928 2059 1098 2116 sufficienter

188 2145 350 2204 ostendisse.
384 2147 492 2210 Quibus
515 2147 539 2200 si
557 2148 625 2219 quid
642 2147 695 2202 tibi
714 2147 824 2204 videtur
843 2164 925 2218 posse
942 2145 1097 2202 rationibus
1117 2137 1152 2190 23

189 2233 287 2297 obiici,
314 2231 409 2286 dicere
425 2231 518 2286 debes.
555 2233 624 2286 Bos.
657 2233 719 2303 Ego
741 2234 839 2304 utique
865 2231 972 2285 nullam
988 2237 1098 2286 tuarum

188 2318 327 2374 rationum
345 2315 520 2385 aliquatenus
538 2316 671 2374 infirmari
690 2335 772 2389 posse
789 2317 877 2372 video.
912 2317 982 2370 Am.
1000 2311 1151 2385 Nequett

188 2423 251 2478 ego,
269 2404 293 2458 si
311 2402 383 2456 bene
401 2403 626 2468 considerentur,
647 2403 788 2471 existim03
806 2406 996 2458 verumtamen
1013 2400 1037 2454 ei
1054 2400 1099 2455 vel

170 2508 247 2551 una
273 2489 308 2546 de
335 2485 464 2541 omnibus
487 2504 557 2557 quas
581 2489 663 2559 posui
685 2485 897 2558 inexpugnabili
916 2485 1034 2542 veritate
1056 2503 1099 2540 ro·

188 2576 310 2644 urrann,
331 2571 460 2627 sufficere
478 2572 568 2626 debet
598 2573 663 2630 Sive
679 2589 800 2644 namque
820 2589 876 2626 uno
895 2571 954 2626 sive
971 2571 1099 2642 pluribus

189 2658 361 2732 argumentis
385 2657 488 2712 veritas
511 2657 765 2730 inexpugnabiliter
790 2663 970 2729 monstretur,
998 2675 1100 2730 aequa·

170 2797 173 2804 ,
189 2745 253 2800 liter
271 2744 307 2804 ab
328 2741 403 2799 omni
421 2739 596 2797 dubitatione
615 2741 782 2800 defenditur.

267 2847 338 2934 25.
389 2883 457 2934 Bos.
487 2874 590 2946 Eece1)
611 2877 653 2932 ita
672 2887 721 2935 est.
757 2879 901 2944 Quomodo
926 2896 992 2952 ergo
1006 2877 1131 2932 salvusl

175 2963 242 3017 'erit
260 2962 358 3035 homo,
385 2965 409 3020 si
427 2965 489 3037 ipse
506 2981 558 3020 nec
576 2963 659 3018 solvit
676 2964 751 3036 quod
769 2965 860 3036 debet,
887 2982 939 3020 nec
957 2961 1060 3017 salvari
1076 2961 1100 3016 si

189 3063 245 3100 non
265 3047 347 3101 solvit
375 3049 479 3106 debet?
504 3056 553 3105 aut
574 3067 631 3122 qua
652 3049 744 3106 fronte
768 3067 937 3118 asseremus,
958 3048 1050 3102 Deum
1069 3047 1099 3102 in

190 3130 378 3187 misericordia
403 3135 516 3191 divitem
538 3137 650 3208 super²)
671 3133 822 3190 humanum
839 3135 1010 3191 intellectum
1026 3133 1100 3188 hano

261 3273 286 3338 1)
303 3269 338 3324 ln
355 3273 438 3327 Mser.
455 3273 500 3328 hic
518 3272 574 3328 inci
596 3272 619 3328 it
636 3288 667 3327 o.·
681 3277 723 3328 25.

259 3346 287 3407 2)
308 3339 404 3411 Sum
420 3342 570 3399 Aach
611 3341 671 3398 ra.

927 3430 943 3481 4
