2628 3810
371 281 372 286 ‘
413 278 747 338 cun,.nnus1rouo.
782 281 901 340 ars..
1051 285 1092 350 31

185 452 337 506 humanam
353 457 482 505 natiuam
500 455 550 505 aut
574 447 612 504 ad
635 449 868 520 complementum
894 449 1017 506 eiusdem
1032 467 1094 521 per·

184 535 314 592 iectionis
338 551 400 590 esse
421 535 525 590 factam
548 541 597 591 aut
623 534 665 589 illi
693 535 935 606 superabundare,
961 537 1037 606 quod
1059 538 1094 595 de

185 620 294 676 minimi
321 621 464 676 vermiculi
489 627 590 676 natura
616 621 708 676 dicere
733 637 789 675 non
817 619 959 676 audemus.
1003 621 1095 686 Quare
1115 616 1144 668 ¹¹

185 724 238 780 pro
262 723 292 762 se
312 705 374 776 ipsa
399 706 439 762 ibi
456 706 533 763 facta
551 713 594 761 est
611 712 640 762 et
656 723 713 761 non
731 706 821 760 solum
839 722 889 777 pro
906 706 1094 760 restaurandis

185 791 340 847 individuis
355 791 469 848 alterius
480 797 605 846 naturae.
635 791 718 848 Unde
731 791 826 861 palam
839 796 888 858 est,
906 790 972 862 quia
987 791 1095 846 etiamsi
1133 793 1134 800 ’

185 875 305 946 augelus
322 876 416 932 nullus
433 877 574 948 periisset,
598 875 723 931 homines
741 876 881 932 tamenin
898 875 1012 931 coelesti
1028 875 1094 930 civi-

185 963 246 1016 toto
269 977 350 1016 suum
373 963 466 1016 locum
490 961 661 1017 habuissent.
696 962 828 1033 Sequitur
845 961 956 1032 itaque,
980 961 1046 1032 quia
1065 962 1095 1016 in
1111 957 1146 1011 -12

187 1047 296 1118 angelis
316 1053 468 1120 antequam
485 1047 599 1118 quidam
620 1047 887 1116 illorumcaderent,
904 1063 960 1102 nou
972 1054 1032 1102 erat
1048 1047 1096 1104 ille

150 1149 154 1157 ¹
186 1131 326 1204 perfectus
343 1149 490 1202 numerus;
517 1133 641 1204 alioquin
658 1150 771 1189 necesse
790 1140 863 1203 erat,
887 1138 920 1186 ut
944 1139 993 1188 aut
1010 1133 1096 1190 homi·

185 1235 235 1274 nes
255 1224 306 1274 aut
323 1219 419 1289 angeli
437 1218 525 1290 aliqui
543 1219 690 1273 caderent:
711 1220 843 1290 quoniam
862 1225 939 1274 extra
952 1235 1097 1274 numerum

186 1303 266 1361 illum
293 1304 450 1375 perfectum
475 1303 571 1358 nullus
580 1306 600 1372 ¹)
626 1319 737 1358 manere
762 1307 881 1372 poterat.
928 1306 997 1362 Bos.
1034 1305 1097 1364 Nou
1116 1303 1148 1355 1³
1177 1308 1181 1316 ’

186 1389 256 1444 nihil
274 1389 392 1445 efficisti
427 1389 498 1443 Ans.
533 1389 586 1442 Est
605 1392 635 1442 et
660 1387 716 1442 alia
732 1387 816 1456 ratio,
843 1392 876 1441 ut
893 1389 959 1442 mihi
979 1390 1098 1458 ridetur,

188 1491 261 1546 quae
277 1492 334 1530 non
352 1491 453 1545 parum
476 1474 647 1546 suffragatur
667 1472 709 1527 illi
733 1471 900 1542 sententiae,
923 1489 995 1544 quae
1013 1492 1097 1546 ange·

186 1559 228 1614 los
246 1577 303 1614 non
322 1573 384 1616 esee
402 1559 492 1614 factos
515 1559 545 1614 in
566 1558 690 1630 perfecto
711 1575 828 1612 numero
847 1557 993 1612 existimat
1028 1563 1097 1614 Boe.

187 1643 242 1700 Dic
261 1645 346 1700 illam.
381 1645 451 1699 Ans.
479 1645 509 1701 Si
529 1645 623 1716 angeli
642 1644 672 1698 in
689 1643 737 1698 illo
751 1643 877 1714 perfecto
896 1661 1010 1700 numero
1029 1645 1098 1702 lacti
1117 1646 1150 1697 14

188 1735 262 1799 sumt,
284 1736 312 1786 et
328 1730 488 1786 nullatenus
504 1728 574 1783 facti
591 1735 656 1784 sunt
675 1729 800 1784 homiues
817 1729 871 1784 nisi
888 1745 939 1799 pro
959 1735 1097 1784 restaura·

188 1812 264 1869 tione
283 1815 453 1886 perditorum
473 1815 656 1886 angelorum,¹
669 1813 762 1884 palam
780 1819 830 1882 est,
849 1814 914 1884 quia
930 1814 984 1868 nisi
1004 1815 1099 1888 angeli

189 1898 227 1953 ab
251 1899 300 1954 illa
322 1901 497 1957 beatitudins
521 1901 701 1969 cecidissent,
726 1899 849 1954 homines
873 1901 910 1954 ad
937 1899 1014 1954 illam
1041 1918 1099 1956 non

189 1984 380 2041 ascenderent
426 1987 495 2040 Bos.
530 1984 593 2040 Hoc
621 1991 737 2041 constet.
781 1987 851 2042 Aoo.
887 1985 918 2042 Si
947 1986 1008 2056 quis
1034 2003 1099 2042 vcro
1117 1995 1150 2047 15

192 2067 300 2137 dixerit,
320 2071 385 2142 quia
401 2077 512 2128 tantun
530 2070 709 2126 laetabuntur
723 2069 804 2125 electi
821 2070 946 2126 homiues
962 2072 997 2126 de
1016 2088 1101 2143 ange·

192 2151 284 2208 lorum
305 2156 475 2226 perditione,
503 2163 638 2226 quantum
663 2152 829 2225 gaudebunt
859 2154 894 2210 de
917 2172 970 2210 sua
995 2173 1100 2210 assum-

190 2238 282 2308 tione,
309 2242 438 2310 quoniam
462 2243 569 2314 absque
595 2241 681 2296 dubio
707 2239 777 2294 haec
800 2255 856 2292 non
882 2245 955 2294 esset
977 2240 1031 2293 nisi
1052 2240 1101 2294 illa

191 2322 306 2394 fuisset3
334 2328 471 2395 quomodo
489 2333 620 2398 poterunt
639 2327 677 2382 ab
695 2326 748 2380 hac
766 2339 896 2395 perversa
914 2324 1101 2394 gratulatione

193 2409 328 2466 defendi?
353 2417 403 2466 aut
433 2414 570 2482 quomodo
591 2415 714 2470 dicemus
735 2410 849 2481 angelos
867 2408 916 2478 qui
933 2407 1101 2479 oeciderunt,

192 2507 226 2548 ex
246 2494 403 2551 homiuibus
421 2503 606 2569 restauratos,
630 2499 654 2553 si
676 2498 718 2552 illi
736 2497 796 2552 sine
817 2496 870 2550 hoc
888 2493 955 2550 vitio
975 2510 1102 2564 perman·

192 2579 251 2634 suri
269 2585 350 2636 erant
373 2582 397 2638 si
421 2598 478 2636 non
501 2584 677 2653 cecidissent,
698 2583 728 2638 id
753 2588 808 2651 est,
833 2582 893 2635 sine
915 2581 1102 2652 gratulatione

194 2663 230 2719 de
248 2681 316 2720 casu
333 2667 467 2736 aliorum;
494 2666 542 2722 isti
564 2685 630 2723 vero
654 2669 714 2724 sine
731 2667 779 2722 illo
794 2683 855 2722 esse
875 2683 931 2722 non
951 2667 1103 2736 poterunt?

193 2747 254 2806 Imo
290 2753 411 2825 qualiter
446 2765 510 2807 cum
545 2753 598 2818 hoc
635 2753 703 2808 vitio
737 2751 813 2808 beati
847 2769 907 2807 esse
942 2751 1102 2807 debebunt?
1122 2750 1153 2802 16

193 2832 305 2892 Deinde
328 2855 385 2911 qua
410 2838 528 2893 audacia
546 2837 682 2902 dicemus,
704 2838 797 2892 Deum
814 2854 870 2893 non
890 2838 963 2893 velle
981 2843 1103 2894 autnon

193 2935 278 2988 posse
297 2922 370 2978 hanc
395 2922 624 2981 restaurationem
649 2924 708 2978 sine
729 2922 784 2978 hoc
801 2922 868 2978 vitio
886 2922 997 2978 facere?
1015 2934 1017 2939 ·
1034 2923 1102 2974 Boe.
1123 2922 1154 2973 l'l

194 3002 295 3062 Nonne
319 3009 445 3064 similiter
468 3017 511 3066 est
531 3009 561 3063 in
580 3008 718 3065 Gentibus
737 3025 809 3080 quae
831 3009 868 3063 ad
885 3008 969 3064 fidem
988 3012 1103 3062 vocatae

194 3095 268 3160 sunt,
290 3091 356 3163 quia
372 3093 449 3150 illam
468 3093 566 3150 Iudaei
583 3093 765 3166 repulerunt?
800 3099 870 3150 Aoo.
900 3095 979 3161 Non3
995 3108 1062 3146 nam
1079 3091 1103 3146 si
1122 3094 1154 3146 18

215 3277 217 3281 ’
266 3280 291 3347 1)
320 3289 398 3335 entra
427 3300 569 3338 numeram
594 3283 675 3338 illum
701 3285 856 3354 perfeetum
878 3282 972 3337 nullus
992 3280 1051 3338 Aa
1068 3312 1103 3322 -

158 3431 161 3436 Ι
194 3357 246 3404 ecl.
265 3367 338 3404 num.
349 3353 428 3422 pcrfl
447 3353 490 3405 tbi
505 3352 609 3408 nullm.
