2628 3810
155 291 157 294 ,
211 233 262 298 ιε
401 205 619 290 ssussnur
636 223 942 304 olumnamusrs

167 399 201 452 14
218 399 274 456 Sed
299 399 424 456 videmus
449 403 577 466 econtra,
612 397 678 469 quia
706 397 782 472 quod
809 395 887 452 Deus
916 393 1125 459 immutabiliter

217 483 291 556 vult,
315 473 370 540 non
393 488 487 556 potest
509 499 565 537 non
588 499 665 551 esse,
691 481 741 536 sed
759 498 871 538 necesse
890 487 1016 537 estesse.
1052 477 1124 544 Qua-

216 575 330 642 propter
353 569 377 623 si
401 567 479 622 Deus
506 565 594 622 voluit
624 571 656 621 ιιι
683 565 731 622 ille
758 565 840 622 homo
871 573 1038 635 moreretur,
1068 581 1125 618 non

166 651 199 704 ιι
216 654 309 727 potuit
326 670 383 708 non
401 654 479 725 mos,
512 653 582 711 Am.
610 653 654 708 nx
673 669 714 722 eo,
733 651 799 722 quia
814 651 903 705 riuus
920 650 975 708 Dei
995 635 1125 713 assensit

216 739 356 794 hominem
384 755 418 794 ee
444 738 587 795 voluntate
613 746 646 793 ut
675 743 842 804 moreretur,
874 737 977 807 probas
1002 737 1125 804 eundem

216 823 355 880 hominem
382 842 439 879 non
465 825 589 896 potuisse
614 840 670 877 non
695 820 772 876 mori.
815 823 885 876 Bos.
920 819 965 876 Ita
990 819 1125 892 intelligo.

167 911 199 964 16
217 913 289 966 Ans.
306 909 353 964 An
370 926 427 964 non
444 907 569 964 similiter
592 906 723 980 apparuit
747 923 780 961 ex
803 905 846 960 his
869 923 940 976 quae
958 905 1124 984 dictasunt,

216 995 320 1052 Filium
335 993 391 1048 Dei
414 999 442 1049 et
465 999 617 1048 assumtum
635 992 774 1048 hominem
791 1009 875 1048 unam
892 1006 952 1046 esse
969 1004 1124 1062 personam,

217 1087 249 1134 ut
265 1080 340 1134 idem
358 1078 394 1133 sit
411 1077 489 1134 Deus
510 1083 538 1134 et
554 1078 645 1146 homo,
672 1077 747 1134 filius
765 1075 820 1132 Dei
839 1082 868 1131 et
887 1075 1011 1148 Virginis
1029 1073 1124 1130 filius?

168 1170 199 1222 1⁵1
217 1166 286 1220 Boe.
326 1163 373 1220 Sic
395 1169 446 1218 est
481 1164 552 1219 Aac.
589 1163 668 1219 Idem
695 1163 782 1236 igitur
804 1162 886 1218 homo
911 1176 962 1214 sua
981 1159 1125 1216 voluntate

88 1247 91 1266 '
125 1261 127 1265 '
168 1255 200 1306 ts
217 1267 273 1304 non
308 1247 399 1320 potuit
434 1265 490 1304 non
523 1248 593 1302 mori
627 1255 655 1304 et
691 1254 816 1304 mortuus
853 1251 903 1318 est.
964 1245 1032 1298 Bor.
1070 1245 1125 1300 Ne-

216 1351 285 1406 gare
307 1351 422 1406 nequeo.
458 1335 527 1389 Ans.
566 1334 702 1399 Quoniam
730 1352 796 1406 ergo
820 1333 949 1388 voluntas
967 1329 1021 1384 Dei
1047 1329 1125 1383 nulla

216 1419 382 1476 necessitate
406 1419 475 1474 facit
497 1419 605 1492 aliquid
623 1420 674 1476 sed
699 1437 751 1474 sua
772 1423 921 1491 potestate,
943 1423 972 1473 et
995 1415 1124 1469 voluntas

216 1505 292 1562 illius
319 1504 373 1561 fuit
400 1505 530 1560 voluntas
549 1503 618 1574 Dei,
646 1505 725 1560 nulla
752 1504 918 1560 necessitate
941 1506 1065 1574 mortuus
1084 1505 1126 1554 est

167 1589 199 1640 19
216 1590 266 1646 sed
295 1590 355 1645 sola
383 1607 435 1645 sua
465 1595 610 1662 potestate.
648 1592 716 1645 Boe.
748 1588 1044 1662 Argumentatiombus
1070 1587 1125 1642 tuis

217 1674 330 1748 obriare
357 1689 483 1748 nequeat
511 1693 576 1730 nam
601 1693 653 1732 neo
680 1676 882 1746 propositiones
905 1693 974 1746 quas
997 1673 1126 1745 praemit

216 1759 270 1830 tis,
298 1777 352 1815 neo
371 1763 582 1834 consequentias
608 1778 676 1832 quas
701 1761 800 1829 infers,
825 1761 964 1816 ullatenus
987 1757 1126 1813 infirmare
1174 1801 1175 1804 ι

164 1847 199 1899 20
217 1846 303 1902 valeo.
339 1845 395 1901 Sed
412 1851 505 1900 tamen
521 1845 575 1900 hoc
592 1845 660 1898 mihi
685 1861 793 1916 semper
818 1843 937 1899 occurrit
959 1844 1034 1916 quod
1054 1843 1125 1897 dixi:

218 1931 284 2004 quia
307 1930 331 1984 si
355 1930 439 1985 vellet
466 1945 522 1983 non
542 1929 624 1999 mori,
649 1947 705 1984 non
724 1917 814 2000 magis
832 1929 884 1984 hoo
902 1935 1012 1999 posset,
1042 1945 1126 2000 quam

217 2033 274 2072 non
290 2033 351 2072 esse
369 2015 445 2084 quod
461 2020 536 2081 erat;
563 2031 628 2070 vere
644 2013 931 2086 namque‘moriturus
949 2020 1021 2082 erat,
1040 2030 1126 2085 quon·
1195 2051 1198 2066 .

216 2099 273 2154 iam
290 2099 315 2155 si
332 2116 398 2154 vere
415 2117 471 2154 non
489 2099 588 2156 fuisset
606 2100 764 2168 moriturusj
782 2116 839 2154 non
854 2097 954 2153 fuisset
974 2115 1041 2153 vera
1056 2096 1126 2152 fides
1171 2139 1175 2151 .

217 2185 327 2241 futurae
347 2184 443 2240 mortis
461 2184 535 2256 eius,
557 2203 608 2258 per
626 2202 710 2258 quam
723 2189 758 2240 'et
776 2184 826 2240 iila
843 2183 932 2256 Virgo
950 2183 985 2238 de
1004 2199 1060 2254 qua
1077 2200 1125 2238 na·

165 2267 197 2324 2¹
217 2276 262 2325 tus
279 2276 328 2339 est,
355 2274 383 2323 et
408 2269 456 2324 alii
478 2269 558 2325 multi
584 2271 711 2326 mundati
732 2277 832 2326 sunta
851 2275 976 2340 peccato.
1012 2269 1084 2326 Nam
1102 2269 1126 2322 si

97 2392 101 2406 .
163 2380 165 2383 ·
217 2373 283 2411 vera
305 2373 362 2410 non
385 2353 498 2425 fuisset,
522 2355 593 2410 nihil
615 2356 747 2428 prodesse
770 2354 916 2427 potuisset.
952 2353 1126 2422 Quapropter

216 2440 242 2493 si
260 2441 353 2512 potuit
369 2457 426 2496 non
445 2439 527 2510 mori,
548 2440 641 2511 potuit
667 2440 761 2496 facere
783 2449 843 2497 non·
857 2457 916 2495 esse
935 2455 1031 2492 verum
1050 2434 1125 2508 quod

164 2527 199 2579 22
216 2539 313 2578 verum
338 2531 405 2578 erat.
441 2527 510 2580 Aoo.
526 2511 529 2518 ’
548 2523 639 2589 Quare
661 2543 758 2581 verum
782 2533 842 2582 erat
865 2530 1015 2596 antequam
1039 2537 1124 2576 more

215 2612 305 2676 retur,
333 2608 400 2678 quia
426 2609 574 2665 moriturus
599 2609 676 2665 erat?
717 2613 786 2667 Bos.
822 2609 960 2677 Quoniam
983 2608 1036 2663 hoc
1062 2605 1124 2676 ipse

164 2697 199 2752 23
216 2698 314 2765 sponte
340 2695 428 2748 voluit
454 2701 482 2750 et
509 2693 675 2751 immutabili
701 2695 852 2752 voluntate.
885 2696 955 2749 Ans.
993 2691 1023 2748 Si
1046 2707 1123 2762 ergo,

216 2779 290 2834 sicut
309 2775 392 2848 dicis,
416 2779 520 2835 idcirco
537 2799 593 2836 non
610 2781 702 2852 potnit
718 2799 774 2836 non
790 2781 876 2850 mori,
901 2778 1048 2851 quievere
1066 2795 1123 2832 mo-

216 2864 320 2921 riturus
341 2870 409 2933 erat,
435 2867 463 2916 et
482 2863 544 2918 ideo
563 2882 627 2920 vere
646 2871 706 2921 erat
724 2867 884 2936 moriturus,
909 2866 976 2936 quia
994 2861 1046 2918 hoc
1064 2863 1125 2934 ipse

217 2955 316 3020 sponte
343 2955 371 3006 et
395 2948 603 3005 immutabiliter
626 2951 731 3014 voluit;
757 2951 881 3022 sequitur
907 2949 986 3004 illum
1007 2965 1063 3004 non
1088 2947 1123 3003 ob

218 3034 295 3090 aliud
321 3052 377 3089 non
409 3033 533 3107 potuisse
568 3051 625 3090 non
660 3027 741 3104 morij
775 3034 829 3088 nisi
859 3033 927 3105 quia
957 3032 1124 3089 immutabili

166 3123 201 3174 24
217 3119 361 3176 voluntate
382 3119 472 3175 voluit
493 3119 568 3174 mori
613 3122 681 3174 Bor.
717 3120 762 3174 Ita
785 3125 841 3186 θοις
865 3120 916 3174 sed
941 3133 1124 3204 quaecunque

180 3235 181 3240 κ
218 3203 303 3260 fuerit
323 3222 414 3276 causa,
434 3223 530 3260 rerum
550 3211 592 3260 est
610 3212 704 3260 tamen
722 3205 789 3276 quia
806 3220 862 3258 non
874 3205 1034 3274 potnitnon
1047 3203 1124 3271 mori,

166 3293 201 3346 25
219 3295 377 3345 et¹neecsse
394 3290 448 3346 fuit
465 3292 544 3346 illum
560 3290 637 3345 mori.
672 3295 741 3344 Ana.
766 3289 854 3348 Nimis
873 3288 972 3346 haeres
991 3291 1020 3344 in
1038 3288 1124 3370 nihilo
