2628 3810
120 227 123 236 ’
203 237 244 305 88
387 235 602 298 strennui
619 235 925 294 esnrnsnmnsrs

194 405 300 475 ‘hebet,
328 406 393 477 quis
414 407 502 464 Filius
526 413 625 478 sponte
650 423 679 462 se
696 407 788 478 ipsum
805 406 884 462 Patri
909 405 1026 470 obtudit,
1053 405 1105 462 hoe

202 507 322 562 nomque
344 493 426 548 modo
452 493 625 564 apertissime
650 491 763 561 dieitur,
785 491 851 562 quis
872 498 901 547 et
922 492 953 546 in
972 508 1029 546 una
1044 507 1105 561 per·
1200 489 1202 492 ’

202 591 271 632 sone
288 578 456 634 totnsDeus
479 578 525 634 eui
551 579 704 634 seeundum
720 577 858 634 hominem
875 593 905 630 se
924 576 1038 645 obtulit,
1065 575 1106 630 in-

97 719 100 730 ,
201 661 349 732 telligitur5
368 669 396 717 et
412 681 463 734 per
474 681 575 720 nomen
585 663 677 718 Petris
697 668 725 717 et
735 663 801 718 Filii
818 664 952 718 immensa
969 662 1107 734 quaedem

92 820 96 828 Ι
202 745 234 799 in
256 746 387 802 eordibus
410 748 594 817 audientium,
620 766 683 804 oum
705 749 823 804 Patrem
840 747 927 804 Filius
950 749 1002 803 hoe
1024 749 1107 804 modo

202 833 344 900 postulare
358 851 409 903 pro
426 833 506 888 nobis
525 833 642 902 dieitur,
665 835 755 904 pietas
780 834 904 890 sentitur.
940 836 1009 888 Bos.
1044 833 1106 890 Hoe

202 914 382 974 libentissime
397 920 513 989 scripio.
813 949 816 956 ⁴

172 1080 184 1130 1
285 1053 353 1141 19.
397 1089 466 1142 Ass.
502 1090 691 1160 Intnesmur1)
720 1110 795 1147 nune
834 1099 917 1163 prout
951 1109 1108 1161 possumus,

206 1175 310 1240 quanta
337 1171 402 1229 inde
431 1175 538 1231 retione
559 1167 700 1248 ‘sequetur
730 1178 851 1234 humana
879 1178 1003 1232 salvatio.
1039 1178 1107 1231 Bos.
1186 1199 1191 1208 ¹

204 1253 250 1310 Ad
268 1255 321 1311 hoe
346 1261 437 1315 tendit
454 1279 508 1334 ¹eor
530 1281 632 1318 meum.
668 1264 740 1320 Nem
765 1263 890 1335 quemvis
911 1264 964 1318 hoe
983 1263 1051 1318 mihi
1069 1263 1107 1316 vi·

203 1341 271 1396 dear
297 1343 466 1418 intelligere,
493 1348 584 1419 ipsam
610 1355 703 1404 temen
727 1349 843 1405 rationis
867 1350 1109 1412 contextionem

170 1424 186 1496 2
203 1430 232 1478 te
249 1427 311 1482 volo
323 1428 391 1486 fieri.
419 1435 487 1488 Ans.
506 1435 647 1500 Quantum
659 1441 752 1491 sutem
769 1435 806 1489 sit
819 1436 894 1506 quod
911 1434 998 1489 Filius
1011 1441 1110 1506 sponte

205 1510 295 1582 dedit,
319 1526 433 1576 nonest
451 1538 520 1590 opus
545 1537 688 1591 exponere.
723 1523 793 1576 Bos.
828 1519 1005 1577 sufficienter
1021 1526 1108 1592 patet

122 1641 123 1646 ι
171 1596 274 1653 3Ans.
306 1600 379 1657 Eum
399 1613 493 1662 eutem
518 1607 566 1678 qui
590 1612 699 1661 tentum
726 1607 829 1661 donum
851 1613 949 1677 sponte
972 1607 1021 1660 dat
1037 1605 1109 1673 Deo,

170 1681 263 1738 «tsine
280 1687 461 1746 retributione
485 1693 586 1748 debere
609 1710 670 1748 esse
693 1710 749 1747 non
766 1691 911 1746 iudicabis.
946 1693 1013 1745 Bos.
1050 1689 1108 1743 Imo

176 1820 181 1840 ,
204 1786 318 1826 neeesse
341 1790 400 1830 esse
426 1777 524 1846 video,
552 1784 584 1831 ut
607 1778 697 1836 Pater¹
709 1777 784 1832 Filio
808 1776 958 1845 retribuat,
986 1775 1110 1847 alioquin

89 1912 95 1922 ,
204 1859 254 1908 eut
270 1856 389 1916 iniustus
408 1878 468 1916 esse
486 1863 597 1917 videtur
620 1863 643 1916 si
665 1861 764 1930 nollet,
788 1867 838 1916 eut
854 1861 991 1932 impotens
1008 1863 1033 1917 si
1053 1878 1110 1916 non

171 1935 314 2012 5posset;
332 1961 404 2014 quoe
422 1947 513 2002 eliens
531 1953 596 2002 sunt
614 1963 631 2002 s
648 1948 717 2002 Deo.
752 1950 822 2000 Ans.
845 1946 900 2011 Qui
916 1947 1045 2003 retribuit
1061 1945 1110 2000 ali·

205 2025 264 2095 cui,
287 2033 337 2086 eut
357 2030 406 2086 dat
423 2033 498 2103 quod
514 2032 562 2087 ille
578 2051 635 2086 non
651 2033 749 2102 hebet,
777 2041 826 2087 aut
844 2033 958 2088 dimittit
979 2033 1054 2104 quod
1073 2031 1110 2086 sb

203 2108 252 2166 illo
270 2124 362 2184 potest
381 2120 462 2190 exigi.
497 2120 579 2175 Prius
602 2126 697 2176 eutem
720 2135 804 2190 quem
822 2125 928 2174 tentem
945 2135 1004 2174 rem
1021 2117 1110 2173 Filius

203 2197 323 2272 feceret,
348 2206 439 2262 omnia
463 2222 535 2277 quse
558 2206 650 2260 Petris
677 2210 767 2275 erant,
794 2222 845 2260 sus
870 2211 962 2273 erent,
986 2220 1038 2258 nee
1060 2219 1111 2256 un·

95 2300 97 2306 ·
171 2281 289 2356 tiquam
308 2289 420 2360 debuit,
443 2291 519 2362 quod
546 2290 587 2345 illi
605 2289 706 2344 dimitti
722 2291 818 2360 possit,
857 2289 930 2355 Quid
948 2306 1016 2364 ergo
1033 2287 1111 2343 retri-

157 2414 159 2424 .
177 2421 181 2426 .
205 2371 307 2428 huetur
323 2375 427 2430 nullius
453 2376 493 2431 rei
511 2376 621 2447 egenti,
646 2383 674 2430 et
691 2376 737 2430 eui
754 2393 810 2432 non
830 2383 872 2430 est
892 2375 966 2446 quod
984 2375 1045 2430 deri
1062 2380 1112 2429 aut

205 2455 306 2512 dimitti
331 2461 438 2530 possit?
474 2463 544 2518 Bos.
579 2461 623 2515 Ex
651 2477 708 2516 uns
732 2469 812 2532 parte
835 2460 917 2521 video
938 2459 1111 2519 retribuendi

204 2545 398 2602 necessitatem
423 2555 451 2604 et
473 2563 507 2602 ex
528 2547 619 2602 alters,
641 2547 908 2618 impossibilitatem
933 2547 999 2620 quis
1019 2554 1048 2602 et
1064 2562 1112 2601 ne·

205 2645 283 2684 essse
300 2631 450 2688 est'Deum
464 2632 587 2688 'reddere
605 2633 680 2702 quod
697 2632 788 2702 debet,
807 2639 835 2688 et
851 2650 907 2687 non
925 2639 968 2688 est
986 2631 1032 2686 eui
1049 2632 1111 2685 red·

173 2711 263 2771 7dst
299 2718 368 2772 Ans.
398 2717 428 2773 Si
455 2723 534 2774 mute
559 2722 587 2774 et
608 2725 666 2772 tam
687 2717 783 2773 debite
807 2734 912 2772 meroes
929 2733 980 2772 nso
1000 2715 1042 2770 illi
1058 2733 1111 2772 nee

206 2800 255 2856 elii
272 2799 411 2870 redditur,
434 2803 464 2858 in
486 2821 588 2858 venum
605 2803 694 2858 Filius
719 2809 827 2858 tantem
843 2820 903 2858 rem
918 2801 1019 2857 fecisse
1036 2801 1112 2856 vide-

172 2882 188 2934 8
205 2887 288 2944 bitur.
324 2890 393 2942 Bos.
412 2889 475 2944 Hoe
491 2889 570 2944 nefes
589 2896 633 2944 est
649 2889 804 2946 aestimem.
839 2890 910 2942 Am.
930 2887 1052 2944 Necesse
1070 2893 1115 2944 est

205 2991 272 3046 erpo
291 2981 323 3031 ut
343 2974 429 3030 utieui
447 2975 496 3030 elii
513 2975 659 3043 reddetur,
682 2974 750 3045 quis
763 2973 811 3029 illi
833 2989 891 3026 non
907 2979 1006 3044 potest.
1041 2976 1112 3028 Bos.

170 3052 407 3118 aneritnbiliter
432 3059 562 3132 sequitur.
608 3061 679 3114 Διιε.
716 3059 746 3116 si
769 3057 888 3114 voluerit
916 3057 1005 3113 Filius
1036 3057 1112 3130 quod

276 3315 301 3382 1)
320 3313 355 3368 In
371 3314 454 3372 Mser,
472 3315 518 3371 hio
536 3314 634 3385 incipit
652 3330 677 3368 e.
698 3317 738 3369 19.
