2628 3810
200 271 244 338 82
381 266 409 323 s.
427 264 598 324 susam
615 261 923 322 cmmsnmnsn

201 455 268 496 vers
283 437 339 494 fnit
355 437 425 494 fides
443 436 516 507 aisn,
533 453 649 494 necesse
665 441 726 492 erat
742 435 784 492 ita
799 435 926 492 futurum
942 449 1017 504 esse,
1035 434 1109 489 sicut

202 524 328 580 eredidit
365 523 446 589 Quod
471 523 495 578 si
518 529 548 578 te
570 522 671 578 iterum
694 521 854 594 pertnsbat,
878 521 945 593 quia
962 519 1036 589 dico,
1061 535 1110 576 ne·

203 626 281 668 cesse
308 615 381 680 erat;
411 615 563 677 memento,
592 608 659 680 quia
684 606 786 662 veritas
816 605 883 663 fidei
904 605 1029 678 Virginis
1052 621 1110 660 non

203 695 259 752 fuit
275 711 360 750 causa
379 699 412 749 ut
434 695 482 751 ille
506 699 604 766 sponte
621 697 786 762 moreretur,
811 693 860 750 sed
874 693 947 764 'quia
964 690 1018 748 hoc
1034 689 1109 745 futu·

151 777 184 830 21
202 799 264 836 rum
282 786 356 849 erat,
378 796 445 836 vera
468 779 524 835 fuit
547 778 625 834 fidos.
661 775 848 842 Quamobrem
872 777 898 830 si
921 776 1037 845 dicitur,
1063 791 1111 832 ne·

202 883 280 924 cesse
305 871 366 922 erat
388 872 421 920 ιιι
440 863 584 921 voluntate
609 863 670 918 sola
691 868 855 931 moreretur,
881 862 948 934 quia
968 878 1035 917 vera
1056 860 1111 917 fuit

202 950 272 1007 fides
290 951 349 1006 sive
367 949 515 1022 prophetia
531 965 603 1022 qnae
619 948 655 1003 de
672 947 725 1003 hoc
743 953 966 1019 praecesserant,
990 964 1048 1002 non
1067 949 1111 1002 ost

203 1037 282 1094 aliud
305 1054 390 1108 quam
412 1035 437 1089 si
464 1034 553 1105 dicas,
585 1049 699 1090 necesse
726 1033 813 1098 fuisse
835 1033 877 1088 ita
898 1033 1023 1088 futurum
1040 1049 1109 1100 csso,

204 1122 335 1193 quoniam
353 1122 393 1176 sic
421 1120 547 1177 futurum
570 1126 643 1190 erat,
666 1118 825 1175 huiusmodi
849 1125 943 1176 autem
959 1117 1110 1176 necessitas

203 1224 259 1262 non
279 1206 356 1278 cogit
374 1223 432 1262 rem
451 1223 521 1277 esse,
542 1207 593 1263 sed
611 1223 672 1262 esse
687 1205 729 1262 rei
744 1205 814 1264 facit
832 1205 1025 1262 necessitatem
1041 1219 1110 1260 esse.

152 1287 186 1338 ²2
202 1291 254 1347 Est
277 1307 398 1364 namque
421 1293 573 1350 necessitas
598 1291 781 1364 praecedens,
807 1308 880 1364 quae
905 1295 1056 1346 causaest
1079 1292 1112 1343 ut

204 1376 241 1433 sit
258 1392 319 1447 res;
338 1383 366 1434 et
383 1383 425 1434 est
443 1377 595 1434 necessitas
615 1394 743 1449 sequens,
763 1394 847 1449 quam
858 1389 909 1433 ¹res
922 1375 996 1431 facit
1026 1374 1111 1433 Prae·

203 1462 306 1518 cedens
328 1468 357 1519 et
381 1461 505 1519 efficiens
527 1461 679 1518 necessitas
707 1468 762 1533 est,
788 1480 852 1520 cum
876 1463 978 1518 dicitur
1002 1459 1111 1516 coelum

202 1547 293 1617 volvi,
322 1547 389 1619 quie
415 1564 528 1604 necesse
556 1554 599 1604 est
624 1553 656 1602 ιιι
682 1547 817 1624 volvatur.
854 1548 978 1620 Sequens
998 1561 1064 1602 vero
1082 1550 1112 1600 et
1227 1549 1233 1556 '

203 1649 276 1706 quae
294 1633 364 1688 nihil
385 1631 472 1690 efficit
490 1633 540 1689 sed
557 1632 597 1703 fit,
614 1637 669 1703 est,
686 1650 750 1688 cum
767 1631 830 1690 dico
848 1640 877 1690 te
894 1651 928 1689 ex
946 1630 1111 1689 necessitate

153 1713 294 1789 2310qui,
325 1718 391 1789 quia
417 1719 546 1791 loqueris.
593 1716 665 1774 Cum
697 1718 771 1774 enim
797 1718 851 1776 hoc
876 1719 953 1789 dico,
984 1715 1111 1790 significo

203 1803 273 1860 nihil
298 1803 392 1864 facere
416 1820 512 1875 posse,
536 1808 569 1858 ut
593 1802 661 1857 dum
681 1801 803 1874 loqueris
821 1820 877 1858 non
894 1802 1028 1875 loquaris,
1054 1819 1112 1857 non

205 1887 280 1961 quod
297 1889 369 1944 aliua
386 1895 416 1944 te
439 1895 523 1962 cogat
546 1887 583 1942 ad
604 1887 784 1960 loquendum.
821 1888 894 1945 Nam
913 1888 1047 1945 violentia
1062 1905 1111 1942 na·

202 1975 301 2030 turalis
321 1974 493 2030 conditionis¹
506 1973 582 2046 cogit
600 1974 709 2028 coelum
726 1972 816 2043 volvi;
840 1979 869 2028 tc
886 1991 952 2029 vero
968 1974 1046 2029 nulla
1062 1989 1111 2028 ne·

153 2055 188 2108 24
204 2059 318 2115 cessitas
337 2058 408 2116 fecit
427 2057 513 2132 loqui.
548 2057 605 2115 Sed
628 2057 788 2130 ubicunque
813 2065 856 2116 est
878 2061 1046 2130 praecedens
1063 2075 1110 2114 ne·

204 2145 334 2214 cessitas,
361 2152 404 2202 est
433 2152 461 2202 et
486 2162 618 2217 sequens3
639 2139 702 2200 ¹non
728 2149 822 2200 autem
852 2144 902 2202 ubi
929 2162 1046 2217 sequens
1071 2143 1111 2199 ibi

192 2229 299 2284 ,statim
317 2236 345 2286 et
360 2230 538 2301 praecedens.
568 2230 719 2286 Possumus
739 2247 860 2302 namque
879 2231 979 2301 dicere,
997 2246 1112 2286 necesse

206 2319 248 2370 est
272 2313 381 2382 coelum
403 2315 492 2385 volvi,
520 2315 586 2387 quia
607 2315 742 2386 volvitur3
768 2317 817 2371 sed
842 2334 903 2372 non
921 2316 1045 2372 similiter
1070 2321 1112 2372 est

204 2416 309 2469 verum,
332 2400 436 2457 idcirco
460 2406 488 2457 te
511 2399 600 2474 loqui,
627 2401 695 2471 quia
719 2418 832 2459 necesse
858 2409 901 2458 est
923 2409 956 2459 ut
982 2400 1112 2473 loquaris.

153 2475 187 2526 2⁵
205 2484 265 2540 Ista
291 2503 410 2559 sequens
436 2487 586 2542 necessitas
613 2486 700 2540 cunit
722 2504 772 2557 per
795 2489 888 2543 omnia
909 2495 1034 2559 tempora
1057 2485 1111 2541 hoc

207 2571 305 2625 modo:
331 2571 474 2644 Quidquid
491 2572 555 2643 fuit,
580 2587 694 2628 necesse
712 2579 755 2627 est
771 2572 867 2629 fuisse.
901 2572 1043 2644 Quidquid
1061 2577 1111 2640 eet,
1135 2569 1139 2582 '

206 2671 320 2710 necesse
345 2661 388 2710 est
414 2675 481 2713 esse.
528 2657 672 2729 Quidquid
699 2658 825 2716 futurum
851 2665 904 2728 est,
931 2673 1042 2713 necesse
1069 2659 1112 2711 est

154 2741 189 2792 26
206 2740 331 2796 sutumm
360 2741 453 2797 fuisse.
497 2743 576 2799 Haec
605 2749 648 2798 est
678 2744 727 2799 illa
755 2746 918 2814 necessitas,
950 2757 1021 2814 quae
1051 2741 1111 2810 (ubi

194 2831 311 2882 ¹uectat
331 2825 494 2884 Aristoteles
504 2830 523 2896 ¹)
550 2828 585 2884 de
611 2831 847 2900 propositionibus
871 2826 1058 2900 singulsiibus
1083 2831 1112 2883 et

207 2911 319 2980 futuris)
345 2909 455 2966 videtur
478 2913 642 2968 uuumlibet
668 2915 809 2972 <ieonum
833 2922 861 2972 et
883 2913 975 2969 omnia
993 2929 1053 2968 esse
1077 2930 1110 2970 ex

277 3119 302 3186 1)
332 3118 498 3173 Aristotelea
528 3121 592 3190 περὶ
624 3119 771 3192 ἑρμηνείας
796 3136 821 3173 c.
848 3123 881 3173 92
916 3116 1017 3188 „ocidit
1048 3115 1111 3173 οὔτε

204 3186 281 3242 ἔστιν
299 3185 364 3242 οὔτε
388 3193 495 3259 γίνεται
520 3184 583 3240 οὔτε
605 3186 662 3242 ἀπὸ
685 3187 767 3257 τύχης
788 3185 851 3241 οὔθ’
874 3185 984 3261 ὁπότερ’
1008 3189 1112 3259 ἔτυχεν,

205 3253 274 3310 οὐδὲ
298 3258 375 3310 ἔσται
396 3257 414 3326 ἢ
434 3257 485 3312 οὐκ
507 3257 598 3323 ἔσται,
623 3255 683 3311 ἀλλ’
702 3258 736 3318 ἐξ
756 3255 909 3328 ἀνάγκης
931 3257 1042 3313 ἅπαντα
1064 3259 1112 3311 καὶ

205 3322 258 3395 οὐχ
274 3323 384 3401 ὁπότερ’
402 3327 524 3399 ἔτυχεν.“
