2628 3810
221 201 262 268 86
403 199 431 258 S.
452 197 622 256 ausum
641 196 948 258 CANTUARJENSIS

220 367 276 424 imo
299 368 434 439 seipsum,
459 373 566 424 tantam
592 366 698 422 scilicet
720 383 867 436 personam
889 373 969 422 tanta
985 367 1133 426 voluntate

187 452 306 538 ¹tdadit.
353 455 422 508 Bos.
456 453 577 508 Multum
606 451 777 524 propinquas
811 451 955 518 desiderio,
974 469 1050 516 mao3
1078 455 1129 510 sed

220 535 326 592 sustine
343 543 375 592 ut
393 537 526 608 quiddam
546 555 693 610 quaeram,
713 536 789 620 quod
806 537 931 606 quamvis
948 538 1059 594 fatuum
1074 539 1132 595 ior-

192 669 196 684 ,
220 622 294 678 sitan
315 628 398 693 putes
424 625 571 696 quaerere,
597 641 653 691 nen
675 627 772 676 'tamen
799 621 828 676 in
853 629 984 694 promptu
1001 625 1070 679 mibi
1088 631 1134 680 cst

188 699 289 780 equid
323 709 512 778 respondeam,
549 709 574 763 si
610 725 627 763 a
660 723 704 762 me
742 713 900 778 quaeratur.
946 708 1025 764 Dicis
1055 709 1130 782 quia,

131 857 133 864 y
220 792 331 863 qnando
364 799 488 849 mortuus
519 800 575 862 est,
607 793 684 849 dedit
712 793 787 864 qubd
819 811 875 848 non
904 793 1030 850 debebat.
1058 788 1129 852 'Sea

140 869 143 875 ’
222 894 303 932 nemo
327 878 443 950 negabit
464 878 544 932 illum
569 877 668 932 melius
691 877 805 947 fecisse,
832 879 943 949 quando
967 878 1021 934 hoc
1039 897 1130 936 exam·

220 963 299 1034 plum
321 963 415 1018 taliter
441 963 532 1032 dedit,
560 967 588 1018 et
614 960 703 1034 magis
727 960 780 1016 boc
808 962 919 1033 placere
942 964 1017 1035 Deo,
1045 983 1130 1038 qnam

222 1047 247 1101 si
267 1065 324 1103 non
342 1045 540 1116 hcc-fecisset3
565 1050 615 1101 aut
632 1046 707 1102 dicet
726 1063 790 1102 enm
806 1063 863 1101 non
883 1048 1012 1105 debuisse
1028 1049 1128 1121 facere,

222 1132 298 1203 quod
323 1131 420 1186 melius
446 1149 505 1187 essa
530 1137 559 1186 et
583 1132 663 1204 quod·
675 1132 763 1203 magis
780 1131 891 1203 placere
907 1133 968 1189 Deo
986 1135 1130 1190 intellexit

188 1217 366 1282 9anmodc
388 1234 454 1290 ergo
481 1235 634 1277 asseremus
658 1234 720 1272 cum
744 1235 800 1272 non
822 1217 952 1274 debuisse
968 1220 1028 1274 Deo
1054 1219 1129 1291 quod
1158 1257 1170 1277 κ

221 1301 328 1358 faciti
353 1320 376 1359 e
401 1303 476 1375 quod
499 1303 598 1358 melius
623 1319 683 1358 essa
705 1308 733 1358 et
757 1302 846 1374 magis
869 1303 981 1373 placere
1002 1302 1062 1359 Deo
1087 1303 1131 1358 in·

223 1387 344 1458 tellexit,
372 1388 536 1460 praesertim
568 1406 631 1444 cum
659 1391 786 1444 creatura
812 1387 914 1444 debeat
941 1387 1004 1442 Deo
1030 1394 1130 1460 totum,

172 1468 204 1520 10
223 1471 299 1546 quod
322 1478 364 1528 est
387 1479 416 1530 et
438 1475 512 1544 quod
531 1473 589 1529 scit
605 1479 633 1529 et
651 1473 726 1545 quod
742 1471 862 1544 potenti.
890 1474 960 1527 Aac.
996 1473 1129 1537 Quamvis

221 1563 349 1614 creatura
365 1558 435 1614 nibil
452 1558 554 1615 babeat
570 1576 589 1613 a
606 1575 643 1628 sc,
668 1558 779 1630 qnando
798 1563 892 1613 tamen
910 1556 951 1611 illi
966 1558 1045 1613 Deus
1066 1575 1131 1613 con-

222 1642 297 1698 cedit
323 1643 429 1716 aliquid
455 1643 531 1700 licite
558 1644 652 1699 facere
678 1649 707 1699 et
732 1643 917 1713 nonfacere,
946 1642 996 1697 dat
1020 1643 1061 1697 illi
1087 1643 1129 1698 ita

221 1745 303 1782 suum
319 1745 379 1784 csse
394 1735 556 1801 utrumqne,
584 1733 616 1784 ut
638 1728 705 1784 licat
729 1728 846 1783 alterum
867 1728 904 1782 sit
919 1728 1034 1798 melius,
1059 1745 1129 1783 neu·

220 1815 295 1868 trum
330 1819 425 1868 tamen
459 1814 586 1886 exigatur
622 1813 819 1884 determinate3
865 1813 913 1869 scd
950 1813 1008 1869 sive
1043 1813 1131 1872 faciat

222 1896 298 1968 quod
323 1897 421 1952 melius
448 1903 492 1953 ast
516 1899 574 1954 sive
603 1899 749 1967 alterum,
766 1898 868 1953 daberc
898 1897 990 1953 facere
1020 1899 1129 1954 dicatur
1165 1968 1168 1974 Ι

222 1982 297 2052 quod
314 1981 398 2051 facit3
419 1989 446 2038 et
463 1982 487 2036 si
502 1981 573 2037 facit
584 1983 659 2055 quod
670 1983 768 2038 melius
781 1988 831 2052 cst,
847 1983 1000 2054 praemium
1012 1983 1129 2055 habeat3

172 2067 202 2120 11
222 2071 288 2141 qnia
313 2077 411 2142 sponte
437 2068 486 2122 dat
507 2068 581 2140 quod
598 2085 679 2122 suum
704 2072 753 2123 est
779 2067 868 2124 Nam
893 2083 956 2122 cum
982 2068 1129 2141 virginitas

222 2155 318 2212 melior
341 2156 377 2211 sit
400 2153 544 2226 coniugio,
573 2159 703 2210 neutrum
727 2159 820 2208 tamen
841 2153 877 2208 ab
900 2153 1012 2210 homine
1038 2156 1130 2210 deter-
1195 2218 1201 2223 ,
1300 2165 1301 2172 ’

217 2239 325 2300 minate
351 2239 484 2311 exigitur3
511 2239 561 2295 sed
579 2246 607 2294 et
631 2239 679 2310 qui
699 2237 827 2309 coniugio
845 2231 892 2293 uti
905 2246 932 2295 et
949 2241 998 2312 qui
1015 2240 1129 2312 virgini·

194 2380 196 2385 ,
220 2327 306 2380 tatem
331 2341 441 2381 servare
462 2325 581 2396 mavult,
606 2325 681 2396 quod
705 2324 774 2379 facit
791 2325 892 2381 debere
909 2325 1001 2381 facere
1019 2326 1128 2381 dicitur.

171 2407 203 2459 12
219 2408 308 2466 Nemo
331 2409 405 2465 enim
429 2409 619 2483 virginitatem
640 2411 699 2466 sive
722 2409 883 2482 coniugium
900 2410 968 2465 dicit
987 2410 1058 2483 eligi¹
1070 2426 1127 2464 non

221 2493 336 2563 debere3
354 2495 403 2550 sed
421 2493 547 2564 dicimus,
565 2495 631 2566 quia
649 2496 724 2568 quod
743 2495 850 2550 mavult
867 2497 957 2566 homo,
977 2503 1127 2568 antequam

220 2577 325 2648 aliquid
342 2579 441 2634 borum
463 2585 582 2650 statuat,
608 2579 663 2635 hoc
687 2580 770 2636 debat
788 2581 897 2652 facem
927 2587 956 2637 ct
974 2581 997 2635 si
1015 2581 1128 2652 virgini·

219 2667 306 2716 tatem
332 2670 439 2734 susat,
465 2682 516 2735 pro
542 2670 693 2736 spontaneo
721 2683 834 2722 munere
861 2667 936 2740 quod
962 2664 1044 2720 offert
1065 2656 1129 2720 Dso

171 2749 202 2801 13
218 2747 371 2818 praemium
402 2756 537 2820 expectat
586 2751 657 2806 Cum
689 2768 756 2824 ergo
788 2759 944 2807 creaturam
970 2748 1039 2804 dicis
1065 2748 1129 2805 Dec

221 2832 323 2890 debera
342 2832 418 2905 qnod
433 2835 532 2890 melius
556 2836 610 2891 scit
632 2842 660 2892 et
682 2843 789 2908 potest,
813 2838 838 2891 si
863 2833 997 2906 intelligis
1023 2849 1056 2888 ex
1080 2833 1128 2890 de·

219 2918 280 2975 bito
299 2923 329 2974 et
345 2935 402 2996 non
419 2919 560 2991 subaudis,
579 2921 603 2975 si
618 2923 697 2978 Dens
712 2922 802 2992 iubet,
821 2939 877 2976 non
895 2925 938 2974 cst
954 2937 1064 2992 semper
1081 2935 1128 2976 vc·

219 2999 289 3060 rum.
325 3003 481 3076 Siquidem,
503 3009 536 3060 nt
561 3004 633 3075 dixi,
657 3023 714 3062 ncn
737 3009 822 3064 debet
838 3006 920 3061 homo
939 3005 1128 3078 virginitatem

169 3090 203 3144 14
221 3106 254 3146 ex
271 3088 375 3160 debito,
398 3089 448 3144 sed
469 3089 493 3145 si
511 3090 632 3160 mavult,
657 3092 741 3154 debet
764 3091 807 3146 nti
830 3092 968 3164 coningio.
1004 3089 1128 3156 Quodsi

218 3178 248 3232 te
266 3181 359 3232 movet
375 3175 491 3233 verbum
514 3176 589 3250 qnod
615 3182 658 3234 est
680 3176 796 3244 debere,
819 3191 871 3230 nec
895 3183 977 3247 potas
998 3176 1069 3232 illud
1086 3175 1127 3229 in-

100 3263 104 3274 '
219 3259 345 3332 telligere
365 3260 425 3317 sine
448 3261 542 3334 aliquo
568 3261 678 3332 debito,
700 3259 784 3330 scits,
811 3259 878 3331 quia
895 3262 969 3317 sicut
990 3259 1129 3331 'contingit
