2628 3810
1 3377 4 3496 i

214 285 255 352 74
393 280 420 339 S.
438 279 608 340 Ausum
625 279 933 340 crumentum

210 451 367 524 qmtemen
394 457 436 508 est
463 451 498 506 de
520 451 631 506 illorum
654 467 769 523 genere,
790 457 823 506 nt
845 451 938 506 nulius
963 447 1117 506 eor-umin-

210 553 273 592 oere
293 537 382 608 possit
397 537 473 593 unde
490 537 586 592 mortis
603 536 808 592 damnationem
826 537 941 602 ιιιιίιις
959 535 1007 590 ille
1024 540 1117 590 eutem

209 623 257 694 qui
276 622 351 677 solus
369 628 412 696 est
430 622 577 691 innocens,
601 628 708 678 unum
724 621 801 692 apud
819 637 914 694 regem
934 620 1037 676 hebent
1054 632 1117 691 gus-

208 707 290 774 tum,
309 711 342 760 ιιι
359 705 462 776 possit,
479 713 508 762 et
524 712 632 762 tentum
648 707 826 764 dilectionem
843 723 911 779 erge
926 723 1002 774 roos,
1019 711 1052 760 ut
1070 721 1118 760 τι·

209 791 243 846 lit
261 789 422 862 omnesqui
440 793 555 847 credent
577 809 627 847 suo
645 791 775 860 oonsilio,
796 791 979 848 reconciliare
996 790 1117 862 quodum

209 875 321 931 sevitio
341 875 394 946 ipsi
413 877 473 948 regi
489 877 572 946 rnlde
593 877 740 946 placituro,
765 877 840 950 quod
861 875 986 950 fauturus
1009 881 1052 931 est
1072 876 1119 932 dis

160 960 361 1017 sesecundum
387 961 559 1017 voluntatem
586 962 660 1034 regis
687 969 798 1018 statuto.
839 961 877 1016 Et
901 959 1032 1032 quoniam
1060 976 1117 1015 non

160 1062 163 1071 ¹
210 1063 304 1102 omnes
333 1052 450 1116 possunt
481 1046 530 1118 qui
557 1048 755 1104 reconsiliandi
785 1053 851 1103 sunt
878 1048 915 1102 ed
942 1047 1015 1102 diem
1040 1045 1117 1102 ilium

208 1130 371 1201 convenire3
402 1132 531 1187 coneedit
560 1149 608 1188 rex
631 1141 745 1206 propter
767 1132 987 1206 magnitudinem
1012 1132 1118 1188 servitii

208 1215 298 1284 iliius,
324 1221 356 1269 ut
380 1215 540 1289 quiounque
565 1220 610 1275 vel
633 1225 698 1274 ente
721 1218 767 1274 vel
783 1224 848 1288 post
865 1217 938 1273 diem
956 1217 1032 1272 illem
1050 1231 1116 1272 oon—
1216 1243 1224 1256 =

208 1299 275 1356 fessi
300 1299 415 1369 fuerint,
439 1318 469 1357 se
492 1303 564 1358 velle
586 1297 636 1374 per
662 1305 732 1359 illud
758 1320 828 1374 opus
851 1304 926 1373 quod
946 1317 982 1358 ee
996 1301 1042 1358 die
1058 1301 1116 1372 fiet,

208 1387 319 1440 venium
345 1386 493 1458 impetrare
520 1394 550 1443 et
573 1390 610 1444 ud
628 1396 746 1461 'paetum
769 1389 810 1445 ibi
831 1389 1012 1444 constitutum
1038 1403 1117 1444 utre·

209 1469 289 1538 dere,
312 1469 349 1524 ab
372 1471 446 1525 omni
462 1472 546 1544 eulpa
561 1475 618 1530 eint
635 1476 757 1530 absoluti
774 1475 938 1547 praeteritet
961 1481 990 1532 et
1007 1473 1031 1528 si
1048 1489 1115 1530 oon·

207 1552 303 1626 tigerit
328 1560 361 1609 nt
387 1561 452 1625 post
475 1555 550 1610 hene
574 1559 684 1615 venium
703 1561 804 1616 iterum
818 1552 961 1632 'peooent,
988 1557 1012 1611 si
1029 1557 1116 1628 digne

209 1639 369 1696 satisfacere
395 1647 423 1696 et
450 1641 551 1712 corrigi
578 1642 709 1714 deinceps
734 1644 886 1713 voluerint,
915 1659 966 1714 per
990 1643 1116 1714 eiusdem

207 1725 284 1795 perti
307 1725 461 1782 effiouoiem
483 1726 584 1783 iterum
605 1730 715 1784 venium
737 1728 887 1800 recipient,
911 1728 951 1782 sio
973 1731 1067 1782 temen
1083 1731 1118 1780 nt

207 1809 302 1864 nullus
322 1811 456 1880 petatium
475 1813 534 1868 eius
556 1813 742 1885 ingrediatur,
772 1815 861 1870 denso
881 1813 987 1870 ieotum
1011 1811 1048 1866 sit
1062 1811 1126 1868 hoe·

159 1892 190 1942 19
208 1896 284 1950 unde
301 1896 401 1966 eulpae
421 1898 585 1952 relaxentur.
625 1899 784 1955 Secundum
808 1899 879 1954 huno
898 1897 1116 1966 similitudinem,

208 1979 339 2049 quonism
366 1997 422 2036 non
452 1987 604 2052 potuerunt
634 2001 728 2039 ornnes
757 1983 882 2038 homines
911 1982 959 2054 qui
989 1981 1116 2036 eelnndi

210 2071 289 2118 erunt
306 2072 466 2134 praesentes
486 2083 560 2135 esse,
586 2069 698 2139 quando
722 2068 920 2124 redemtionem
941 2067 1019 2122 illem
1038 2063 1116 2122 chri-

207 2157 267 2204 stus
286 2149 365 2220 feeit,
389 2157 469 2208 tants
491 2153 545 2209 fuit
563 2155 606 2209 vis
623 2155 652 2209 in
671 2152 730 2208 eius
744 2159 846 2222 morte,
866 2159 901 2208 ut
920 2153 1005 2208 stium
1020 2152 1050 2206 in
1066 2153 1117 2208 eb·

207 2242 298 2292 sentes
326 2237 371 2292 vel
398 2237 460 2294 loeo
484 2239 530 2293 vel
551 2246 677 2310 tempore
700 2241 759 2295 eius
784 2238 966 2309 protendetur
990 2238 1117 2295 effeetus.

156 2317 190 2367 ²0
208 2320 288 2385 Quod
315 2329 409 2379 eutem
435 2339 492 2378 non
517 2324 606 2378 solum
631 2326 825 2396 praesentibus
849 2325 981 2396 prodesse
1006 2324 1115 2392 debent,

206 2405 272 2461 hine
300 2407 383 2464 ieoile
409 2408 599 2481 eognoeuitnr,
626 2409 694 2481 quin
718 2425 776 2464 non
800 2415 844 2464 tot
869 2414 1030 2480 praesentes
1050 2423 1117 2464 esse

207 2493 266 2547 eius
292 2491 374 2548 morti
401 2499 562 2565 potuerunt,
595 2501 664 2566 quot
689 2495 726 2550 ed
749 2509 886 2566 supernus
908 2493 1029 2548 eisitan
1048 2509 1115 2548 eon·

208 2577 387 2633 struetionem
410 2578 559 2634 necessarii
577 2584 657 2648 sunt3
677 2579 790 2636 edumei
812 2579 974 2651 omnesqui
991 2578 1117 2634 ιὶιιιιὶιιι

207 2663 303 2717 mortis
319 2668 444 2735 tempore
462 2665 622 2736 ubieunque
641 2662 737 2733 erent‚'
757 2664 794 2719 sd
818 2663 896 2720 iilum
916 2663 1115 2720 redemtionem

94 2783 95 2788 ,
157 2744 187 2795 21
207 2745 426 2805 admitterentur.
468 2750 568 2806 Plures
593 2750 666 2806 enim
693 2754 759 2804 sunt
777 2749 929 2806 demones
953 2764 1053 2820 quem,
1080 2749 1117 2804 de

208 2833 310 2904 quibus
334 2837 531 2891 ιιιιιιιιιιιᾱιιι
557 2843 599 2891 ιιι
620 2849 752 2890 numerus
775 2847 885 2904 ιοιιιιιι,
910 2851 947 2890 es
971 2833 1018 2890 die
1040 2833 1116 2889 virs·

156 2920 189 2971 22
207 2927 269 2974 rent
292 2918 423 2976 homines.
463 2921 525 2978 Nee
548 2921 718 2976 eredendum
740 2926 793 2990 est,
818 2935 852 2976 ex
876 2934 934 2991 quo
957 2917 1050 2974 feotm
1072 2925 1117 2976 est

206 3005 289 3061 homo
305 3005 394 3061 nilum
416 3011 527 3076 tempus
551 3005 650 3076 fuisse,
674 3018 730 3078 quo
753 3006 873 3061 mundns
889 3005 943 3060 iste
958 3021 1024 3060 eum
1038 3017 1117 3060 eret·

163 3105 167 3112 ’
206 3090 277 3144 turis
300 3105 375 3162 quae
400 3092 493 3148 fontes
515 3097 581 3145 sunt
606 3092 643 3145 ud
667 3106 736 3146 usus
760 3091 916 3160 hommum,
943 3090 985 3149 siu
1010 3107 1117 3146 vaenue

205 3173 1117 3248 fuissetutnuliusessetinilioerhumogeneresduoe
1204 3171 1212 3186 ¹

154 3263 189 3316 2³
205 3263 359 3334 pertinens,
383 3269 498 3334 propter
516 3261 591 3333 qnod
608 3259 702 3318 suetus
719 3267 764 3317 est
777 3261 868 3318 bomo.
906 3259 1027 3318 Videtur
1040 3261 1117 3317 euin

205 3347 402 3404 moonreniene
430 3347 507 3420 quod
530 3345 610 3402 Dens
639 3347 685 3402 sd
712 3363 778 3404 nno·
795 3353 935 3404 nomene
960 3346 1117 3419 puniret
