2628 3810
447 303 666 363 PRAEFATIO
686 303 887 362 unffomsr
1000 306 1015 340 ’
1113 307 1144 346 1¹

182 476 309 544 illorum
332 475 373 543 de
389 482 523 543 satanae
536 475 668 543 fallacia
681 475 953 562 disputationibus
967 475 1144 544 involutam

148 634 151 640 ,
182 562 326 648 mythice
349 569 482 628 exueret
502 562 613 628 forma.
662 561 823 647 Accessit,
849 561 935 645 quod
963 568 1039 628 tunc
1065 569 1143 628 tem-

205 649 269 714 oris
293 647 374 712 haec
399 647 513 713 eadem
542 647 582 712 de
612 647 736 713 ratione
764 647 895 713 divinae
916 647 1144 714 incarnationis

181 669 287 814 deque
306 731 433 798 interna
453 733 537 798 inter
558 739 693 797 mortem
712 731 832 797 Christi
850 731 1022 815 mundique
1043 733 1144 799 vitam

183 817 380 884 connexione
411 817 558 901 quaestio
589 818 758 883 multorum
787 815 929 883 fidelium
955 837 1020 883 non
1040 819 1144 884 solum

182 901 380 968 literatorum
403 910 435 968 et
464 902 650 968 clericorum
672 901 731 968 sed
751 901 849 966 etiam
868 902 1090 968 illiteratorum
1111 909 1143 969 et

181 986 334 1052 laicorum
363 987 532 1071 occupavit
562 987 694 1053 aninos.
735 986 840 1052 Fuere
864 987 1065 1071 potissimum
1086 988 1143 1071 qui

183 1070 379 1156 dubitarent,
410 1093 451 1137 an
480 1071 635 1138 redemtio
661 1072 732 1138 sola
759 1073 923 1138 voluntate
943 1073 1073 1138 iussuve
1096 1072 1142 1136 di-

183 1155 257 1222 vino
285 1163 342 1222 aut
369 1177 428 1242 per
456 1157 554 1222 aliam
586 1175 682 1240 quam
710 1176 769 1240 per
796 1156 860 1222 Dei
885 1177 1057 1242 personam
1085 1177 1143 1223 seu
1205 1197 1207 1202 ·

183 1241 361 1326 angelicam
402 1261 460 1308 seu
503 1241 674 1306 humanam
716 1241 786 1308 fieri
826 1243 981 1326 potuerit;
1025 1242 1143 1325 quique

183 1327 423 1394 obiectionibus<
450 1325 625 1392 infidelium
661 1326 899 1411 simplicitatem
935 1326 1143 1392 christianam

181 1413 273 1494 quasi
304 1411 425 1477 fatuam
456 1410 601 1476 deridere
634 1431 673 1476 ao
704 1411 969 1478 contradictiones
1000 1411 1034 1477 in
1062 1411 1143 1478 chri-

180 1498 286 1562 stiana
311 1495 375 1562 fide
397 1495 509 1562 obvias
531 1503 720 1579 arroganter
741 1496 888 1561 ementiri
908 1498 1073 1563 solitorum
1094 1517 1142 1562 re-

181 1580 377 1666 darguendis
410 1590 442 1649 et
473 1581 658 1647 refellendis
687 1599 723 1645 se
752 1588 964 1664 agnoscerent
992 1582 1141 1665 impares.

180 1666 259 1734 Inde
279 1664 401 1732 factum
427 1673 491 1750 est,
521 1673 556 1732 ut
586 1677 684 1750 saepe
707 1664 739 1730 S.
762 1665 907 1731 Anselmi
931 1665 965 1730 in
985 1666 1141 1731 similibus

180 1752 427 1836 cogitationibus
449 1751 547 1816 defixi
569 1751 774 1834 exquirerent
794 1751 962 1816 consilium
983 1751 1024 1816 ab
1040 1771 1142 1835 eoque

180 1838 277 1902 eximi
298 1838 333 1903 iu
360 1836 475 1920 quibus
497 1837 672 1902 haeserunt
702 1837 742 1902 de
765 1835 948 1920 perdifficili
967 1835 1026 1901 illa
1045 1855 1142 1919 quae·

181 1921 285 1986 stione
315 1921 481 2005 scrupulos
513 1920 656 1987 studiose
689 1927 852 2006 peterent;
884 1942 944 1988 nec
972 1921 1142 1986 defuerunt

178 2005 236 2088 qui
263 2013 298 2071 ut
325 2007 438 2072 harum
462 2005 715 2090 disputationum
748 2024 904 2072 summam
938 2006 1142 2090 consignaret

179 2090 297 2174 literis,
339 2092 434 2157 enixe
476 2098 627 2173 rogarent
666 2090 745 2156 fidei
780 2091 943 2158 intellectu
981 2090 1141 2157 delectati.

180 2176 271 2240 Haec
305 2175 414 2258 itaque
451 2175 557 2240 omnia
592 2174 749 2240 dederunt
784 2183 893 2242 nostro
933 2182 1031 2242 ansas
1068 2197 1140 2241 con-

180 2260 309 2326 ficiendi
349 2267 518 2326 tractatum
551 2259 636 2343 „Cur
668 2260 757 2325 Deus
784 2259 907 2326 Homo“
941 2261 1140 2346 inscriptum,

181 2365 275 2430 quem
296 2364 337 2409 ne
357 2345 498 2410 differret
522 2345 684 2430 evulgare,
707 2345 790 2410 inter
804 2345 884 2410 alios
900 2344 1039 2410 maxime
1056 2346 1140 2410 Boso

178 2430 353 2496 Monachus
366 2426 392 2515 ¹)
414 2427 572 2514 flagitavit
592 2437 625 2494 et
645 2430 837 2515 impetravit.

250 2631 285 2710 1).
303 2629 374 2684 llum
401 2647 455 2712 quo
483 2631 509 2686 S.
536 2632 686 2686 Anselmus
714 2633 768 2687 fnit
792 2634 956 2688 coniunctus
985 2632 1140 2688 arctissimo

177 2699 352 2768 paternitatis
375 2700 526 2768 spiritualis
551 2701 670 2758 maculo,
706 2702 762 2758 cfr.
782 2703 945 2756 Eudmerua
962 2701 1006 2756 De
1025 2702 1092 2757 Vita
1112 2701 1140 2756 S.

178 2767 213 2820 A.
233 2775 255 2836 1,
271 2773 321 2824 tt:
347 2799 398 2835 „a
410 2769 524 2839 quidam
542 2771 662 2824 Clericus
683 2775 775 2826 aetate
793 2771 908 2838 iuvenis,
927 2771 1001 2825 Boso
1019 2771 1138 2838 nomine,

179 2837 299 2891 Becoum
329 2836 406 2891 venit
440 2837 561 2908 Abbatis
593 2839 759 2910 colloquium
786 2847 925 2910 expetens.
968 2841 1037 2894 Erat
1066 2839 1140 2892 enim

180 2906 253 2960 idem
271 2922 336 2960 acer
353 2905 466 2976 ingenio
488 2914 515 2961 et
533 2907 700 2978 quibusdam
717 2909 856 2978 perplexis
872 2909 1081 2980 quaestionibus
1098 2908 1140 2960 in-

177 2975 301 3029 volverat
328 2974 462 3042 animum,
487 2991 538 3030 nec
561 2977 682 3046 reperire
706 2993 873 3049 quemquam
898 2983 1007 3048 poterat
1043 2977 1073 3029 ui
1093 2993 1139 3030 eas

179 3043 233 3096 sibi
250 3044 286 3097 ad
305 3049 400 3098 votum
425 3045 571 3098 evolveret.
605 3045 736 3118 Loquens
762 3047 849 3118 igitur
873 3063 937 3100 cum
954 2995 1087 3106 Anseinro
1105 3061 1140 3100 ac

177 3111 264 3165 nodos
287 3113 312 3166 ei
333 3112 377 3166 sui
395 3113 484 3166 cordis
503 3113 682 3183 depromens,
706 3117 799 3168 omnia
816 3130 888 3185 quae
909 3114 1086 3168 desiderabat
1104 3115 1139 3168 ab

178 3197 211 3234 eo
236 3179 295 3234 sine
322 3181 453 3251 scrupulo
480 3181 688 3252 disceptationis¹
712 3183 828 3255 accepit.
863 3183 981 3236 Miratus
1007 3199 1074 3254 ergo
1091 3182 1139 3236 ho·

178 3249 279 3302 minem
306 3256 348 3304 est
371 3257 400 3305 et
422 3249 508 3304 nimio
533 3251 607 3305 illius
632 3268 724 3308 amore
748 3250 903 3307 devinctus.
938 3251 1046 3306 Dehinc
1073 3267 1140 3320 ergo

180 3331 266 3388 quum
282 3317 344 3373 eius
361 3319 529 3374 allocutione
546 3319 720 3376 familiariter
735 3322 879 3392 potiretur,
899 3319 1007 3374 illectus
1025 3320 1062 3374 ad
1074 3335 1138 3372 con·

178 3393 295 3442 temtum
314 3387 418 3441 saeculi
435 3403 547 3442 emenso
563 3388 641 3444 brevi
659 3391 757 3460 spatio,
775 3389 859 3443 Becci
877 3388 1031 3444 Monachus
1047 3387 1140 3440 factus
