2628 3810
189 268 221 308 Π
454 270 673 327 PRAEFATIO
692 270 882 328 EDITORIS.

188 451 357 532 paternam
382 444 416 509 in
438 443 626 510 coenobium
650 442 859 528 reciperetur,
892 443 1061 530 paullatim
1085 442 1145 510 fer-

187 551 297 600 vorem
318 529 503 614 religiosum
527 546 658 612 prorsus
683 527 821 594 abiicere
846 530 917 595 inoe
941 529 966 593 it
992 529 1146 594 animum-

187 637 251 702 que
265 621 363 681 antea
376 613 490 681 studiis
505 611 647 677 deditum
662 611 815 678 distinere
828 633 903 678 mun
926 615 997 680 anis
1011 613 1145 698 deliciis,

186 703 234 769 ita
254 709 370 783 tamen,
391 707 427 765 ut
448 696 599 783 quamdiu
616 704 720 762 mater
739 696 858 762 dilecta
870 706 957 764 esset
971 706 1146 784 superstes,

186 788 327 854 claustra
348 783 479 871 pudoris
498 801 561 848 non
581 780 802 866 perfringeret.
838 783 882 847 At
896 783 980 848 enim
994 783 1144 850 defuncta

184 871 414 952 Ermenberga,
436 867 540 951 „illico
562 865 655 932 navis
678 866 782 932 cordis
797 866 875 951 eius,
895 869 989 951 quasi
1003 869 1145 936 anchora

184 956 326 1042 perdita,
352 953 385 1018 in
412 951 527 1018 fluetus
551 950 673 1016 saeculi
693 972 798 1036 paene
822 958 891 1018 tota
912 951 1041 1038 dilapsa
1065 952 1142 1020 est.“

183 1040 347 1122 Accessit,
376 1036 462 1122 quod
482 1037 547 1104 Dei
574 1035 790 1107 inscultabilis
815 1055 854 1104 sa
876 1037 976 1106 lentie
994 1039 1144 1126 permisit

184 1125 272 1192 etin
293 1117 438 1189 Anselmi
466 1123 602 1188 salutem
629 1120 738 1205 vertit,
767 1117 839 1188 Gon
862 1121 918 1187 ulfi
943 1125 1047 1208 patris
1069 1145 1141 1191 con-

183 1217 235 1276 tra
255 1209 356 1275 filium
377 1208 410 1274 in
439 1207 508 1273 dies
538 1225 685 1272 crescens
709 1205 816 1272 odium
837 1209 1016 1291 acerbaque
1037 1209 1141 1293 indig-
1170 1231 1172 1238 ·

182 1295 280 1379 natio,
303 1313 385 1377 quae
407 1292 588 1358 bumilitate
609 1311 674 1356 non
694 1290 788 1358 modo
810 1291 903 1358 leniri
924 1294 1059 1378 nequiit,
1082 1293 1142 1361 sed

181 1379 280 1446 etiam
301 1383 501 1463 exaggerata
520 1384 578 1444 est.
622 1376 706 1442 Hine
724 1377 831 1462 patria
858 1379 986 1462 relicta,
1014 1379 1139 1446 iuvenis

181 1471 392 1550 posteaquam
427 1463 528 1548 sues
568 1461 657 1530 baud
691 1461 762 1530 sine
804 1462 931 1546 magnis
975 1464 1139 1532 laboribus
1262 1467 1267 1486 '

179 1550 355 1650 superavit,
376 1550 410 1616 in
431 1547 619 1632 Bmgundia
639 1553 672 1613 et
692 1547 833 1626 Francia
853 1547 1023 1614 triennium
1036 1555 1138 1616 trans-

180 1643 264 1720 egit3
296 1634 413 1702 deinde
444 1633 604 1700 Abrincas
611 1683 620 1716 ,
650 1651 733 1713 quae
768 1633 843 1702 urbs
875 1633 910 1700 in
941 1633 1140 1703 Normannia

179 1721 245 1786 sita
271 1727 339 1802 est,
368 1718 566 1801 aliquamdiu
593 1715 775 1784 demoratus
803 1717 1031 1787 monasterium
1058 1720 1137 1786 celc-

179 1804 350 1872 berrimum
371 1803 543 1868 Beccense
574 1801 683 1885 petiit,
718 1801 769 1866 cui
795 1801 969 1886 Herluinus
999 1804 1139 1889 praefuit

179 1889 308 1972 Abbas,
350 1887 443 1955 Prior
483 1891 590 1954 autam
625 1884 833 1955 Lanfrancus.
897 1887 1000 1954 Huius
1035 1890 1136 1975 ipsius

178 1972 364 2040 scholastici
385 1972 505 2056 pietate
526 1970 649 2055 pariter
669 1990 708 2035 ac
730 1971 892 2055 sapientia
911 1982 944 2040 et
958 1975 1137 2042 eruditione

178 2056 367 2124 multimoda
399 2055 563 2140 conspicui
589 2054 691 2140 fama,
719 2075 802 2138 quae
823 2056 956 2126 clericos
977 2079 1018 2125 ex
1037 2061 1136 2126 omni-

178 2143 238 2210 bus
280 2142 380 2210 ferme
420 2140 671 2210 occidentalibus
691 2209 694 2214 ,
713 2141 806 2206 terris
865 2143 1136 2212 raestantissimos

177 2227 318 2311 undique
340 2227 467 2312 allexit,
500 2247 565 2294 non
586 2225 691 2311 potuit
712 2246 776 2290 non
796 2245 814 2292 e
851 2246 937 2312 cere,
966 2237 1001 2296 ut
1021 2230 1134 2299 Ansel·

177 2333 247 2380 mus
280 2333 317 2380 se
346 2314 415 2381 eius
442 2310 593 2378 subderet
618 2309 803 2393 magisterio
832 2314 1002 2380 studiosus.
1054 2315 1135 2382 Cum

176 2415 285 2462 amore
306 2397 458 2465 vanitatis
483 2401 516 2460 et
537 2396 727 2462 insolentiae
747 2395 802 2462 diu
824 2398 1023 2466 conflictatus
1045 2406 1134 2467 etex

176 2479 357 2548 huiusmodi
371 2480 595 2548 vexationibus
609 2479 711 2547 victor
724 2500 884 2566 egressus,
898 2483 994 2550 Beoci
1004 2485 1134 2552 XXVII

174 2585 277 2634 annos
298 2574 393 2634 natus
414 2564 635 2633 monachalem
656 2565 800 2632 habitum
822 2568 974 2636 assumsit
994 2568 1078 2635 hunc
1099 2570 1134 2636 in

175 2649 280 2736 finem,
307 2659 343 2716 ut
364 2651 453 2717 Deus
476 2651 563 2718 solus
583 2670 644 2716 sua
664 2651 790 2734 requies
813 2661 845 2717 et
866 2653 1015 2736 intentio,
1043 2655 1132 2721 solus

174 2755 265 2803 amor
291 2736 360 2801 eius
387 2735 612 2820 contemplatio
640 2756 714 2822 sua,
746 2737 843 2803 beata
864 2745 897 2803 et
917 2738 1050 2804 assidua
1067 2759 1131 2805 me-

76 2891 79 2896 ,
169 2820 277 2887 moria
308 2821 377 2886 eius
417 2821 495 2886 lelix
532 2821 675 2887 solamen
706 2828 739 2886 ct
774 2823 909 2888 cebetas
940 2842 1000 2888 sua
1031 2823 1131 2890 ficret.

174 2905 290 2972 Tribus
320 2905 412 2972 annis
436 2905 593 2991 peractis,
621 2905 802 2972 Lanfranoo
829 2905 1038 2974 (ledonensis
1061 2927 1129 2976 oce-

173 2991 261 3056 nobii
282 2991 424 3074 regimen
447 2989 565 3076 adepto
584 2990 738 3058 successit
759 2989 793 3056 in
815 2991 918 3074 gradu
938 2991 1068 3075 Primis,
1090 3016 1131 3062 ac

171 3074 322 3142 detunoto
349 3074 504 3141 Herluino
538 3096 568 3140 a.
597 3075 680 3142 1078
707 3074 849 3142 unanimi
876 3077 1026 3144 Fratrum
1056 3099 1129 3146 con

171 3177 269 3226 sensu
297 3160 406 3226 Abba·
434 3161 605 3226 Beccensis
633 3169 797 3244 promotus
823 3169 880 3227 est.
924 3163 1129 3231 Orationibus

169 3243 291 3330 vigiliis
312 3244 571 3312 meditationibus
598 3243 763 3328 insistens,
793 3247 984 3314 coelestibus
1014 3247 1130 3315 studiis

169 3330 318 3416 imbutus,
347 3331 511 3401 monachis
534 3325 716 3399 erudiendis
738 3327 947 3400 admonendis
970 3335 1128 3419 corrigen-
