2628 3810
390 271 586 344 cumanus
606 241 729 336 flonoss
760 264 882 335 nica
897 273 925 332 a.
981 285 984 291 Δ
1069 247 1113 347 ἰι

208 443 295 500 vitam
318 462 397 500 suam
420 451 453 502 ut
481 464 625 517 nunquam
654 453 820 517 moreretur,
851 441 1033 504 dubitandum
1058 466 1115 505 non
1224 513 1225 520 ἵ

210 535 252 584 est
271 530 337 601 quia
355 548 463 604 semper
484 531 611 606 habuitl)
635 538 801 604 potestatem
825 533 966 602 servandi3
989 535 1114 606 quamvis

208 616 362 688 nequiverit
380 617 453 674 velle
470 636 588 688 servare,
606 625 638 674 ut
653 636 796 690 nunquam
814 625 978 688 monetatum
1003 625 1031 674 et
1047 637 1114 691 quo-

209 698 284 757 niam
303 699 356 757 hoc
382 721 400 759 a
419 704 511 775 seipso
533 705 632 760 habuit
653 709 686 759 ut
709 705 816 760 scilicet
841 704 913 759 velle
938 722 994 760 non
1011 701 1114 776 posset,

209 804 265 842 non
280 789 446 845 necessitate
465 789 515 846 sed
531 790 621 846 libera
639 796 775 862 potestate
787 789 907 845 animam
921 807 999 844 suam
1012 789 1113 860 posuit.

209 873 278 928 Boc.
314 873 377 930 Non
400 876 510 930 om'nino
534 877 636 932 similes
654 876 767 932 fuerunt
792 875 822 930 in
838 874 886 930 illo
905 875 974 931 istae
992 880 1113 948 potesta·
1130 877 1156 935 *1x

207 961 258 1028 tes,
278 959 429 1015 mentiendi
453 961 559 1018 scilicet
583 967 612 1016 et
629 959 758 1018 servandi
785 960 880 1015 vitam.
913 958 959 1017 Ibi
978 961 1051 1018 enim
1071 981 1114 1018 se-

208 1045 310 1116 quitur,
330 1045 396 1120 quia
415 1046 439 1100 si
458 1047 553 1117 vellet,
570 1054 664 1119 posset
681 1046 807 1118 mentiri3
824 1046 870 1100 hic
884 1053 977 1103 autem
993 1047 1113 1118 videtur,

209 1130 274 1200 quia
293 1131 318 1185 si
336 1133 405 1186 mori
423 1149 480 1186 non
496 1132 625 1198 vellet,²)
646 1131 706 1187 'non
725 1131 813 1210 magis
831 1133 884 1188 hoc
901 1138 1006 1206 posset,
1030 1151 1113 1204 quam

207 1222 301 1287 posset
325 1234 382 1272 non
407 1233 467 1272 esse
490 1217 566 1288 quod
583 1223 650 1273 erat.
686 1218 758 1274 Nam
776 1217 813 1272 ad
831 1216 885 1273 hoc'
905 1225 964 1274 erat
980 1219 1062 1288 homo
1081 1224 1113 1274 ut
1130 1209 1156 1280 8,,

208 1309 365 1372 moreretur,
386 1309 414 1358 et
431 1309 544 1375 propter
560 1302 642 1358 huius
662 1305 772 1360 suanae
789 1303 884 1358 mortis
901 1303 984 1360 fidem
1003 1303 1037 1360 de
1049 1303 1112 1361 Vir·
1150 1306 1153 1312 '

208 1388 273 1462 gine
288 1389 380 1461 potuit
398 1389 516 1453 assumi,
539 1389 612 1445 sicut
631 1407 716 1460 supra
734 1387 834 1444 dixisti.
870 1390 940 1444 Aua.
976 1389 1113 1454 Quemad·
1129 1380 1146 1431 9

206 1473 319 1528 modum
334 1479 417 1544 putas
442 1473 521 1529 illum
549 1493 605 1530 non
625 1474 748 1548 potuisse
765 1491 821 1528 non
840 1473 909 1528 mori
928 1479 977 1528 aut
995 1473 1113 1529 necessi·

207 1563 265 1614 tate
286 1565 425 1613 mortuum
444 1577 512 1629 esse,
531 1561 597 1634 quia
614 1581 670 1618 non
686 1560 779 1632 potuit
796 1576 851 1614 non
872 1577 931 1615 esse
949 1558 1023 1629 quod
1037 1563 1112 1626 erat3
1151 1603 1155 1611 .

163 1658 165 1666 ’
208 1644 249 1698 ita
267 1649 346 1715 potes
366 1661 486 1700 asserere
505 1645 584 1700 illum
602 1650 658 1703 non
676 1645 800 1721 potuisse
817 1643 889 1700 velle
905 1662 961 1699 non
977 1643 1047 1698 mori
1065 1650 1113 1697 aut

206 1729 371 1786 necessitate
394 1731 464 1786 mori
486 1732 621 1802 voluisse,
648 1732 780 1803 quoniam
801 1730 877 1802 quod
899 1735 959 1786 erat
979 1747 1035 1784 non
1053 1746 1113 1785 esse

206 1833 263 1870 non
287 1816 392 1888 potuit3
421 1809 477 1872 non
499 1817 571 1873 enim
595 1817 685 1889 magis
708 1816 768 1890 ipse
787 1816 879 1872 factus
901 1820 944 1871 est
968 1814 1049 1870 homo
1076 1813 1112 1868 ad

205 1901 259 1956 hoc
283 1907 315 1955 ut
342 1907 500 1969 moreretur,
531 1917 615 1975 quam
646 1908 678 1957 ut
707 1903 791 1958 vellet
824 1899 901 1956 mori.
937 1899 1112 1972 Quapropter
1132 1893 1163 1944 10

206 1985 279 2042 sicut
292 2004 348 2041 non
361 1987 445 2043 debes
458 1987 558 2056 dicere,
578 1987 644 2059 quia
661 2005 717 2042 non
728 1988 820 2061 potuit
830 2004 887 2043 uon
899 1987 971 2042 velle
982 1985 1050 2041 mori
1062 1991 1111 2040 aut

205 2071 370 2128 necessitate
387 2072 476 2127 voluit
493 2073 576 2138 mori,
597 2073 637 2126 sic
655 2090 712 2127 non
730 2080 772 2128 est
789 2073 951 2142 dicendum,
973 2071 1040 2144 quia
1055 2075 1112 2126 non

205 2157 298 2232 potuit
308 2175 365 2213 uon
375 2158 444 2212 mori
457 2163 506 2212 aut
517 2159 682 2214 necessitate
693 2163 817 2213 mortuus
828 2163 875 2214 est
893 2159 961 2211 Bos.
974 2155 1034 2212 Im0
1044 2173 1111 2227 quo·
1130 2150 1160 2202 11

205 2242 280 2297 niam
294 2243 384 2298 cidem
398 2243 543 2300 subiacent
554 2243 664 2309 rationi,
675 2243 781 2298 scilicet
795 2243 899 2298 etmori
912 2248 940 2298 et
950 2241 1022 2297 valle
1033 2241 1110 2310 mori,
1134 2281 1137 2292 .

182 2397 188 2410 ι
204 2333 353 2400 utrumque
371 2329 482 2388 videtur
499 2327 528 2382 in
547 2328 596 2385 illo
613 2327 778 2388 necessitate
791 2327 883 2384 fuisse.
910 2328 979 2382 Aac.
998 2326 1066 2394 Quis
1081 2343 1111 2382 se
1130 2319 1162 2374 12

206 2419 305 2485 sponte
322 2414 412 2469 voluit
422 2413 560 2470 hominem
570 2414 670 2484 facere,
685 2420 717 2470 ut
730 2414 826 2470 eadem
839 2411 1004 2467 immutabili
1016 2411 1110 2466 volun·
1217 2423 1218 2426 ’

204 2503 263 2554 tate
287 2503 455 2570 moreretur,
482 2505 510 2554 et
538 2517 588 2572 per
614 2498 696 2554 huius
720 2499 805 2556 fidem
832 2497 1005 2553 certitudinis
1021 2496 1110 2570 Virgo

205 2584 311 2638 munda
326 2583 413 2654 fieret,
432 2584 467 2640 de
487 2601 543 2656 qua
556 2584 639 2639 homo
652 2583 700 2640 ille
712 2583 916 2640 assumeretur?
945 2585 1013 2638 Bos.
1031 2581 1110 2638 Deus
1157 2581 1161 2588 '

204 2667 294 2723 Filius
311 2669 375 2725 Dei.
410 2657 479 2723 Ans.
505 2665 604 2726 Nonne
623 2676 806 2726 monstratum
824 2672 1011 2752 estxsuprast)
1036 2665 1111 2741 quod
1131 2668 1161 2728 13

205 2751 261 2808 Dei
281 2753 409 2809 voluntas
435 2753 514 2808 nulla
538 2753 648 2825 cogitur
672 2756 853 2825 necessitate,
886 2755 935 2810 sed
964 2754 1024 2827 ipse
1051 2753 1109 2820 se⁴)
1156 2751 1160 2758 '

176 2879 178 2886 .
206 2843 359 2907 spontanea
377 2855 428 2902 sua
448 2846 540 2894 servat
558 2839 790 2910 immutabilitate,
810 2841 922 2912 quando
941 2839 1042 2900 dicitur
1060 2835 1109 2890 ali-

207 2920 274 2993 quid
289 2925 467 2980 necessitate
495 2923 606 2980 facerc?
641 2926 709 2978 Bos.
744 2921 818 2982 Vera
851 2927 1032 2980 monstratum
1060 2925 1109 2975 est

268 3089 303 3194 ἰ)
322 3130 450 3184 iaaac
468 3131 496 3186 A
510 3147 534 3184 a

272 3199 299 3266 2)
318 3201 392 3252 mori
407 3217 462 3254 aea
478 3200 560 3257 vallat
576 3198 604 3256 A
615 3215 634 3254 a
650 3228 685 3241 -
699 3216 760 3262 ιιοη
779 3197 854 3253 mori
869 3195 958 3250 vellet.

272 3271 299 3404 ἓξ
317 3273 383 3407 ipsis
401 3353 429 3390 se
446 3336 559 3392 Aabc
576 3336 601 3391 B
621 3335 685 3392 OE
706 3335 768 3392 Fa.
