2628 3810
157 299 178 340 x
227 275 230 295 “
374 369 377 384 Ι
421 295 639 356 emunire
659 297 844 358 numerus.

187 487 190 494 ’
221 471 291 534 Iam
312 487 389 535 vero
411 465 451 534 de
480 469 613 556 ternpore
640 469 807 553 compositi
828 476 862 536 et
883 470 961 538 editi
983 473 1115 541 huiusce

157 554 263 640 operis
294 554 354 619 erit
382 554 551 636 agendum.
604 555 799 620 Monasterio
825 557 978 623 Beccensi
1003 558 1115 626 relicto

159 641 190 706 S.
212 639 384 706 Anselmus
409 646 620 723 posteaquam
641 659 670 703 a.
695 639 823 716 1093in
840 642 992 726 Angliam
1013 651 1116 710 trans

156 724 336 824 migravit&
357 725 509 807 quantum
544 722 704 788 scribendi
734 725 833 790 otium
865 727 929 812 ipsi
959 730 1117 812 superfuit
1165 785 1166 788 ,

157 817 232 874 ante
254 829 360 876 omnia
389 827 521 874 ecesse
550 807 775 874 conferendum
793 811 965 878 arbitratus
990 821 1053 900 est,
1082 822 1117 880 ut

156 895 246 960 litem
283 914 343 978 per
372 893 575 960 Roscelinnm
610 894 797 959 canonicum
829 897 1118 982 Compendiensem

156 979 394 1045 nominalistam
437 976 636 1060 eundemque
678 979 870 1046 tritbeistam
908 983 941 1047 in
979 984 1118 1051 ecclesia

157 1064 329 1130 Gallicana
351 1063 544 1128 concitatam
573 1070 669 1146 atque
690 1064 724 1127 in
746 1065 868 1148 synodo
891 1066 1117 1136 Suessionensi

156 1169 221 1214 non
257 1147 402 1214 sedatam
435 1147 498 1212 nisi
530 1167 589 1232 per
618 1148 759 1233 speciem
790 1171 920 1247 prorsus
954 1153 1117 1220 dirimeret

157 1233 321 1298 doctrinae
345 1232 447 1297 ‘armis
477 1231 615 1297 adiutus.
669 1233 753 1298 Hinc
782 1234 862 1301 hbro
879 1239 1026 1320 egregio
1055 1241 1116 1322 „de

154 1317 220 1383 ‘fide
242 1316 413 1382 trinitatis“
434 1316 700 1384 Becciinchoato
729 1319 763 1383 in
783 1319 950 1387 Britannia
975 1325 1115 1391 novitius

156 1409 332 1469 extremam
359 1421 487 1466 manum
514 1403 666 1487 imposuit
690 1422 791 1486 eoque
822 1403 1000 1472 adversarii
1022 1410 1116 1476 istius

156 1487 356 1572 sophismata
381 1487 557 1554 confutavit
586 1488 813 1572 sagacissimus
835 1489 994 1574 dogmatis
1016 1497 1116 1560 ecole-

157 1572 279 1639 siastioi
315 1579 543 1690 propugnator.
602 1569 672 1648 Quo
711 1573 797 1638 facto
828 1581 999 1642 tractatum
1031 1580 1117 1664 „Cur

156 1659 246 1743 Deus
275 1657 399 1724 Homo‘
430 1675 621 1742 aggressus,
661 1657 726 1721 iam
758 1677 817 1742 per
850 1668 1006 1727 aestatem
1040 1666 1116 1730 anni

158 1743 241 1808 1094
262 1743 331 1808 eins
352 1741 468 1807 librum
490 1743 627 1826 primum
649 1762 669 1805 a
691 1743 804 1807 Fratre
824 1744 955 1811 Ermero
966 1744 992 1833 1)
1014 1754 1115 1816 trans-

157 1827 310 1912 scriptum
322 1826 364 1891 ad
379 1827 752 1901 ecolesiamsBeccensem
763 1827 888 1894 direxit.
910 1832 978 1897 Nec
993 1834 1115 1920 mirum,

157 1913 185 1976 si
204 1912 285 1976 baeo
306 1911 465 1996 particula
488 1911 595 1996 operis
616 1912 671 1976 diu
693 1915 870 1997 exspectati
891 1935 930 1980 ac
947 1917 1116 1984 vehemen-

156 2004 206 2061 ter
240 1997 430 2080 desiderati,
470 2002 598 2061 auctore
636 1997 737 2064 inscio
780 2005 813 2063 et
847 1999 963 2084 invito,
1007 2005 1116 2070 multis

156 2082 315 2166 exemplis
336 2082 427 2146 brevi
448 2082 591 2165 tempore
613 2082 708 2166 longe
728 2083 856 2166 lateque
875 2085 1115 2154 circumfereba-

155 2172 215 2232 tur.
260 2166 386 2234 Seouta,
401 2167 475 2231 dein
496 2173 570 2231 sunt
591 2168 717 2251 proelia
740 2167 775 2231 in
796 2167 938 2234 favorem
959 2171 1116 2239 libertatis

1301 1827 1302 1906 l

1300 1907 1302 1986 l

157 2401 207 2451 est.
243 2395 329 2451 Cuius
345 2393 517 2451 conversioni
538 2393 620 2448 simul
642 2401 670 2449 et
688 2394 891 2450 conversationi
908 2397 1034 2453 diabolus
1053 2418 1116 2472 gra-
1186 2398 1188 2403 '

156 2464 228 2518 viter
239 2465 373 2532 invidens,
392 2464 421 2516 in
434 2469 540 2518 tantam
553 2463 632 2517 illum
644 2463 805 2517 tentationis
816 2467 965 2534 procellam
979 2467 1116 2536 demersit,

156 2539 189 2587 ut
214 2533 426 2588 succedentibus
454 2531 507 2587 sibi
534 2532 618 2586 variis
648 2549 681 2586 co
704 2532 848 2588 'tadonum
878 2535 1043 2591 tumultibus
1071 2539 1117 2592 vix

156 2602 255 2658 mentis
279 2618 344 2656 suae
370 2619 481 2671 compos
506 2601 644 2658 existeret.
679 2602 687 2624 '
718 2602 860 2657 ansierunt
884 2604 914 2658 iu
930 2604 983 2659 hoc
1003 2605 1116 2675 quidam

158 2672 218 2726 dies
236 2677 264 2724 et
282 2670 374 2740 seipsa
393 2686 501 2740 semper
518 2669 604 2724 fiebat
620 2671 765 2726 immanior
776 2672 893 2728 tentatio
910 2673 1006 2726 eadem
1044 2673 1114 2726 Tur-

156 2740 239 2795 batus
261 2755 327 2861 erffi)
346 2745 374 2794 et
394 2745 487 2794 mente
505 2739 636 2794 confusus
649 2741 811 2796 Anselmum
829 2741 897 2794 adiit
915 2739 1054 2811 animique
1074 2743 1116 2794 sui

156 2809 291 2864 fluctusi
347 2807 481 2878 exposuit
523 2807 563 2862 At
589 2808 650 2879 ipse
677 2827 763 2880 quum
791 2809 834 2862 sin
874 2809 903 2862 la
928 2808 1117 2877 intellexisset,

156 2878 209 2932 hoc
227 2878 315 2934 solum
332 2877 378 2948 pio
396 2877 515 2944 affectu,
538 2877 596 2931 scil.
616 2879 760 2946 „consulat
776 2875 828 2930 tibi
868 2877 942 2944 eus‚“
961 2876 987 2930 ei
1004 2893 1117 2947 respon-

157 2947 199 3000 dit
218 2948 350 3018 illicoque
370 2945 497 3000 Fratrem
520 2962 538 3000 a
563 2963 592 3000 se
619 2946 731 3000 dimisit.
766 2945 908 3016 Evestigio
928 2952 1021 3000 autem
1039 2951 1117 3000 tanta

155 3016 343 3087 tranquillitas
363 3015 462 3068 mentis
480 3013 559 3068 illum
577 3020 674 3070 secuta
692 3022 745 3082 est,
774 3019 807 3066 ut
825 3012 897 3068 sieut
916 3013 1034 3090 ipsemet
1050 3015 1117 3070 mihi

155 3085 309 3153 referebat,
328 3084 401 3138 ultra
437 3099 502 3138 uam
519 3082 597 3136 dictu
616 3082 749 3140 credibile
767 3081 818 3149 sit,
841 3082 933 3137 subito
951 3082 1022 3138 elius
1039 3083 1118 3140 fieret

155 3154 192 3208 ab
212 3170 246 3208 eo
268 3155 316 3224 qui
333 3153 394 3210 fuit.
419 3101 527 3222 ltaque
553 3151 640 3205 omnis
662 3152 712 3206 illa
734 3151 851 3214 tentatio
875 3151 985 3220 penitus
1005 3153 1118 3208 evanuit

155 3240 207 3278 nee
224 3219 374 3295 quicquam
391 3219 549 3276 huiusmodi
567 3220 598 3274 in
615 3235 644 3274 se
662 3218 777 3273 ulterius
797 3219 890 3274 sensit.

228 3308 253 3380 1)
273 3308 362 3374 Quem
379 3313 476 3361 auctor
494 3307 570 3375 Epp.
582 3311 607 3369 3,
621 3309 653 3358 25
670 3302 731 3366 (cir.
746 3309 768 3371 1,
783 3307 825 3368 rt)
845 3303 1015 3358 carissimum
1028 3303 1117 3358 filium

157 3393 237 3434 suum
256 3385 290 3434 et
300 3377 432 3459 baculum
453 3374 605 3431 senectutis
625 3388 693 3428 suae
711 3372 842 3444 appellat
