2628 3810
242 285 266 351 4
430 282 458 340 S.
477 282 648 342 ANSELMI
666 281 974 343 camdenianae

243 455 345 510 situm
363 453 491 510 decoram
514 451 658 508 materiam
673 450 796 508 inoomto
815 460 844 510 et
860 454 1043 512 contemtibili
1056 453 1150 514 ‘diota-

210 539 319 597 8mine
343 555 458 596 exarare
482 555 636 610 praesumo.
672 539 740 593 Boe.
771 538 832 595 Neo
858 541 912 596 hoe
940 547 969 597 te
997 540 1081 596 debet
1108 559 1150 597 re·

242 626 364 695 trahere,
394 624 462 696 quia
486 624 560 679 siout
584 629 617 678 tu
641 622 792 694 permittis,
818 630 852 679 ut
876 626 925 696 qui
942 632 1035 697 potest
1051 626 1150 682 molius

242 712 329 779 diost,
353 711 394 766 eio
417 709 488 764 nulli
512 709 689 781 praestituis,
713 707 815 762 utoni
834 707 973 767 dictamen
997 717 1077 768 tuum
1094 730 1151 769 non

242 798 349 870 placet,
371 795 515 868 pulolrrius
538 814 595 853 nou
619 794 737 862 scribat,
762 810 858 849 verum
875 802 908 850 ut
924 813 1020 853 omnes
1038 814 1151 855 exeusa-

242 883 331 939 tiones
349 887 412 936 tuas
430 880 592 945 excludam,
619 877 695 949 quod
722 879 835 949 postulo
858 896 915 936 non
938 882 1026 939 facies
1051 882 1150 952 doctis,

210 968 292 1029 asad
311 966 380 1022 mibi
405 971 434 1022 ot
456 963 509 1020 hoo
532 965 624 1035 ipsum
646 979 755 1018 meeum
771 965 937 1035 petentibus
972 969 1042 1024 Aue.
1077 968 1151 1034 Quo-

242 1051 319 1107 niam
347 1050 430 1106 video
454 1049 691 1120 importunitatem
718 1055 796 1105 tuam
820 1056 849 1107 et
872 1051 998 1123 illorum,
1026 1055 1074 1125 qui
1096 1057 1149 1112 boo

240 1142 335 1193 tecum
353 1152 386 1191 ex
410 1133 545 1190 charitate
567 1141 596 1190 et
617 1135 749 1208 religioso
775 1137 868 1192 studio
894 1144 1008 1210 petunt,
1035 1141 1151 1197 tentabo

240 1237 293 1293 pro
316 1237 379 1275 mea
401 1219 587 1290 possibilitate
612 1221 685 1280 (Deo
707 1223 857 1278 adiuvante
881 1230 910 1279 et
932 1224 1031 1278 vestris
1049 1227 1151 1281 oratio·

240 1305 336 1378 nibus,
361 1321 432 1377 quas
451 1304 504 1360 hoo
526 1306 699 1377 postulantes
724 1324 809 1378 saepe
832 1307 901 1362 mihi
919 1309 1025 1381 petenti
1042 1311 1080 1364 ad
1097 1311 1151 1367 hoe

240 1393 333 1465 ipsum
361 1389 537 1463 promisistis)
562 1391 638 1463 quod
667 1391 799 1463 quaeritis
826 1409 884 1447 non
910 1399 969 1448 tam
997 1394 1151 1465 ostendere,

240 1494 326 1550 quam
350 1482 444 1534 tecum
472 1493 617 1548 quaerere,
643 1477 693 1532 sed
717 1494 751 1532 eo
774 1483 870 1549 paeto,
893 1495 949 1550 quo
964 1479 1059 1534 omnia
1077 1495 1151 1548 quae

242 1562 305 1618 dieo
323 1564 415 1635 aooipi
432 1563 511 1618 volo:
535 1563 674 1632 videlieet,
691 1567 724 1616 ut
741 1562 765 1616 ei
783 1563 851 1634 quid
870 1564 980 1634 dixero,
999 1564 1075 1635 quod
1093 1579 1151 1618 ma-

241 1650 283 1707 ior
302 1668 359 1706 non
378 1647 523 1705 confirmet
546 1648 692 1717 autoritas,
718 1649 844 1718 quamvis
867 1647 938 1704 illud
960 1649 1068 1706 ratione
1086 1665 1150 1721 pro·

242 1739 311 1795 bare
336 1738 445 1807 videar,
473 1750 530 1789 non
554 1734 611 1788 alia
632 1731 800 1788 certitudine
821 1734 988 1804 accipiatur,
1012 1735 1068 1788 nisi
1084 1734 1151 1805 quia

240 1821 351 1877 interim
378 1819 445 1875 mihi
470 1821 512 1875 ita
539 1817 695 1888 videtur,¹)
723 1817 812 1874 donee
835 1818 913 1873 Deus
937 1818 1034 1874 malins
1056 1820 1151 1891 aliquo

192 1907 323 1964 tomedo
346 1907 458 1962 revelet.
494 1903 575 1969 Quod
602 1903 626 1958 si
653 1903 829 1976 aliquatenus
849 1904 1006 1976 quaestioni
1022 1910 1087 1962 tuae
1106 1924 1149 1963 sa-

240 1991 370 2048 tisfacere
393 1997 503 2063 potero,
529 1995 636 2046 eertum
662 2005 723 2046 esee
747 1989 875 2060 debebit,
902 1989 969 2061 quia
990 1996 1019 2046 et
1040 1993 1150 2064 sapien·

240 2079 296 2132 tior
329 2094 374 2133 me
411 2076 522 2149 plenius
560 2076 614 2133 hoo
643 2075 737 2132 faeere
766 2075 883 2146 poterit,
916 2073 973 2130 imo
1004 2077 1149 2133 sciendum

242 2168 296 2228 est,
325 2160 462 2232 quidquid
486 2161 569 2216 bomo
591 2161 656 2224 inde
682 2161 775 2216 dicere
791 2161 837 2215 vel
857 2160 927 2216 scire
944 2163 1045 2234 possit,
1069 2163 1150 2219 altio·

191 2252 220 2304 11
240 2265 285 2305 res
302 2252 400 2303 tantae
417 2247 459 2303 rei
474 2247 566 2302 adhue
582 2249 670 2303 latere
687 2247 817 2302 rationes.
846 2247 915 2301 Boe.
933 2246 1034 2304 Patere
1053 2248 1148 2320 igitur,

241 2340 274 2389 ut
297 2333 389 2390 verbis
414 2336 479 2387 utar
503 2330 673 2400 infidelium
705 2347 825 2401 aequum
850 2331 924 2388 euim
949 2339 1005 2402 est,
1031 2337 1063 2386 ut
1085 2347 1150 2387 oum

240 2424 353 2474 nostrae
369 2417 436 2473 fidei
453 2415 589 2472 rationem
607 2416 751 2471 studemus
771 2417 919 2490 inquirere,
947 2433 1082 2489 ponamus
1100 2415 1150 2470 ob·

240 2503 372 2560 iectiones
398 2518 506 2571 eorum,
533 2500 581 2572 qui
606 2501 766 2557 nullatenus
789 2504 826 2558 ad
846 2503 931 2559 fidem
949 2503 1065 2559 eandem
1090 2499 1151 2556 eino

191 2589 223 2640 12
240 2587 348 2642 ratione
369 2585 466 2642 volunt
487 2587 628 2643 accedere.
664 2585 796 2652 Quamvis
815 2589 893 2644 enim
915 2587 957 2642 illi
980 2587 1043 2642 ideo
1064 2585 1149 2640 ratio-

241 2689 305 2728 nem
326 2678 475 2745 quaerant,
501 2673 640 2744 quianon
655 2674 783 2745 eredunt,
806 2692 856 2730 nos
877 2689 955 2740 vero,
978 2669 1046 2741 quia
1061 2669 1150 2725 credi·

240 2771 318 2826 mus3
344 2775 430 2812 unum
452 2757 582 2830 idemque
605 2763 701 2814 tamen
724 2763 767 2814 est
788 2759 863 2830 quod
881 2755 1054 2828 quaerimus;
1078 2752 1149 2809 etsi

240 2841 309 2914 quid
327 2842 516 2914 responderis,
540 2842 585 2899 oui
602 2844 756 2900 auotoritas
775 2843 910 2898 obsistere
928 2843 1034 2909 suora2)
1052 2839 1148 2895 videa·

310 2982 335 3049 1)
358 2977 414 3033 cfr.
433 2979 631 3048 Mooolops'am
650 2996 673 3034 o.
696 2985 725 3035 1:
752 2978 804 3047 „In
823 2993 878 3050 quo
902 2974 1017 3047 siquid
1042 2975 1146 3046 dixero,

239 3049 315 3122 quod
341 3046 429 3103 maior
454 3065 510 3103 non
533 3053 669 3104 monstret
697 3047 863 3115 auctoritas,
888 3045 929 3100 eie
953 3045 1017 3099 volo
1046 3045 1136 3117 aooipi

238 3125 271 3173 ut
294 3117 420 3191 quamvis
442 3134 476 3173 ex
499 3117 655 3171 rationibus
680 3131 752 3188 quas
775 3113 843 3168 mihi
860 3113 1040 3183 videbuntur,
1066 3084 1147 3186 quasl

237 3185 425 3242 necessarium
441 3185 634 3253 concludatur,
657 3201 714 3239 non
732 3185 766 3237 ob
784 3185 835 3237 hoo
854 3189 948 3238 tamen
966 3185 1078 3237 omnino
1097 3197 1146 3236 ne·

238 3255 398 3325 cessarium,
421 3255 472 3311 sed
488 3259 597 3310 tantum
615 3252 656 3307 sio
675 3253 786 3307 iuterim
802 3251 891 3308 videri
931 3269 992 3309 osse
1011 3250 1145 3306 dicatur.“

307 3328 335 3392 2)
353 3324 502 3396 Reperitur
518 3324 587 3381 haee
605 3321 688 3378 lectio
705 3321 735 3377 in
752 3321 880 3378 omnibus
921 3321 1054 3378 odioibus.
