2628 3810
228 267 272 336 30
411 266 439 324 S.
454 267 628 330 Ansam
646 266 953 330 danwnntaltsls

193 442 292 496 tnam
316 447 445 497 naturam
468 457 519 496 suo
543 448 677 511 tempore
712 439 797 496 Unde
820 447 870 497 aut
892 441 1063 498 solummodo
1086 458 1137 497 nu·-

227 541 333 583 m'erum
360 529 482 583 nondum
508 527 648 598 integrum
670 523 827 595 perficeret,
855 533 905 582 ant
930 529 1014 583 etiam
1041 529 1065 582 si
1087 528 1137 582 nsi·

226 622 379 683 nueretur‚·
402 613 567 668 restitueret.
621 609 650 666 Si
668 616 775 664 ¹nutem
804 618 863 667 tota
895 621 1023 670 ereatura
1053 613 1136 668 simul

226 699 304 756 facta
328 706 386 766 est,
410 705 440 755 et
462 699 521 754 dias
539 697 580 750 illi
597 697 627 750 in
651 695 751 766 quibus
771 699 882 766 Moyses
902 699 986 752 istum
1003 699 1135 753 mundum

225 801 282 840 non
301 785 383 840 simul
400 784 505 840 fautum
530 799 590 838 essa
613 781 724 835 videtur
741 781 847 848 dicere,
871 783 953 837 aliter
973 792 1037 838 aunt
1055 785 1134 840 intel-

226 871 345 944 ligendi,
374 887 458 942 quam
482 869 554 923 sieut
576 866 702 922 videmus
725 867 793 920 istos
819 866 877 922 dies
899 868 928 921 in
948 869 1049 940 quibus
1068 870 1135 924 vivi·

227 975 304 1011 mus:
330 956 486 1027 intelligere
509 969 631 1024 nequeo,
655 952 793 1022 quomodo
815 951 884 1007 faeti
907 953 964 1009 sint
989 955 1082 1026 angeli
1107 956 1136 1010 in

194 1042 275 1096 tillo
293 1042 417 1112 perfeeto
436 1055 558 1095 numero.
588 1037 698 1108 Quippe
722 1039 907 1105 alienasset,
933 1038 1043 1094 videtur
1062 1041 1137 1110 mihi,

227 1126 294 1198 quia
314 1142 347 1181 ex
365 1127 531 1182 necessitate
549 1129 598 1180 aut
622 1122 708 1192 aliqui
726 1123 849 1178 homines
870 1125 914 1178 vel
932 1125 1026 1196 angeli
1044 1125 1137 1180 casuri

227 1218 321 1280 erant,
346 1218 395 1267 aut
418 1213 512 1283 plures
538 1218 630 1266 essent
656 1209 685 1262 in
707 1208 756 1262 illa
772 1209 885 1265 eoelesti
903 1211 1030 1277 civitate,
1053 1229 1137 1282 quam

193 1297 277 1350 ailla
305 1296 422 1368 perfecti
458 1294 567 1350 numeri
600 1294 794 1349 convenientia
823 1295 954 1367 exigeret.
1008 1295 1038 1351 si
1067 1313 1134 1368 ergo

227 1380 320 1436 omnia
339 1382 421 1436 simul
438 1382 514 1436 saeta
533 1386 606 1446 sunt,
624 1380 664 1435 aie
682 1380 812 1436 videntur
830 1381 925 1452 angeli
939 1389 967 1436 et
985 1382 1039 1436 duo
1054 1381 1137 1450 primi

226 1465 352 1522 homines
370 1467 399 1522 in
417 1483 531 1522 numero
557 1465 719 1536 imperfecto
738 1467 843 1535 fuisse,
868 1475 901 1522 ut
917 1466 1089 1531 hominibus,
1114 1466 1138 1519 si

226 1552 322 1608 nullus
345 1552 458 1608 caderet
479 1553 611 1624 angelus,
636 1552 710 1622 quod
732 1551 827 1608 deerat
844 1554 933 1608 solum
951 1550 1137 1622 perficeretur,

228 1645 256 1694 st
274 1638 298 1692 si
317 1638 419 1709 aliquis
436 1638 545 1708 periret,
566 1637 619 1692 hoe
637 1653 747 1708 quoqne
767 1637 843 1706 quod
865 1639 988 1704 caderet,
1010 1636 1136 1690 restitue·

193 1735 198 1776 τ
227 1729 319 1791 ratur3
333 1731 361 1777 et
377 1721 495 1776 hominis
511 1730 611 1776 natura
631 1737 703 1792 quae
720 1719 853 1778 infirmior
867 1730 935 1792 erat,
953 1720 1033 1792 quasi
1045 1720 1136 1776 Deum

227 1814 372 1864 excusaret
390 1813 474 1876 atque
496 1807 637 1861 diabolum
654 1803 850 1874 confuuderet,
876 1809 900 1862 si
928 1808 974 1862 ille
995 1824 1074 1861 suum
1092 1823 1136 1862 ea·

228 1911 289 1946 sum
306 1891 460 1946 infirmitati
485 1907 551 1946 suae
576 1891 739 1960 imputat-et,
764 1907 827 1945 eum
851 1891 913 1962 ipsa
931 1891 1064 1947 infirmior
1081 1900 1136 1949 sta·

227 1983 286 2046 ret3
313 1992 347 2030 ae
373 1975 397 2029 si
417 1982 445 2030 et
462 1976 559 2031 eadem
584 1976 648 2046 ipsa
672 1977 798 2045 caderet,
822 1979 910 2034 multo
934 1979 1024 2050 magis
1043 1979 1137 2034 Deum

229 2061 391 2116 defenderet
419 2068 516 2118 eontra
543 2061 685 2116 diabolum
712 2069 741 2117 et
767 2069 864 2118 eontra
886 2081 917 2120 se
941 2064 1046 2134 ipsam,
1073 2081 1137 2118 eum

227 2145 292 2216 ipsa
307 2145 384 2202 faeta
400 2145 482 2201 valde
502 2145 634 2203 infirmior
652 2151 680 2202 et
697 2148 820 2203 mortalis
843 2148 872 2202 in
891 2150 985 2206 electis
1005 2151 1041 2205 de
1059 2157 1137 2204 tants

228 2230 388 2288 infirmitate
405 2237 483 2286 tanto
502 2233 586 2286 altius
605 2233 783 2302 ascenderet,
809 2250 893 2304 quam
916 2234 990 2290 unde
1008 2235 1136 2289 diabolus

228 2315 387 2382 cecidisset,
410 2324 514 2388 quanto
534 2315 601 2370 boni
621 2315 714 2386 angeli
735 2332 852 2387 qnorum
873 2321 1030 2393 aequalitas
1047 2319 1072 2374 ei
1091 2319 1137 2374 de

157 2421 160 2430 ’
228 2399 325 2468 betur,
348 2398 526 2469 profecerunt
542 2408 606 2470 post
623 2403 732 2454 ruinam
751 2402 901 2472 malorum,
928 2405 994 2478 quia
1011 2418 1137 2474 perseve-

195 2487 367 2541 9raverunt
401 2485 445 2540 Ex
467 2486 511 2540 his
537 2485 692 2542 rationibus
714 2487 807 2556 potius
831 2489 900 2545 mihi
921 2491 1044 2551 videtin,
1072 2488 1137 2558 quia

228 2567 258 2620 in
277 2568 384 2638 angelis
403 2587 458 2625 non
478 2569 533 2626 fuit
558 2569 605 2626 ille
628 2571 769 2641 perfectus
794 2592 940 2644 numerus,
963 2590 1019 2645 quo
1039 2572 1137 2626 civitas

228 2651 278 2708 illa
301 2670 421 2724 superna
447 2653 639 2726 perficeretur3
667 2658 799 2728 quoniam
822 2659 845 2713 si
869 2659 951 2715 homo
971 2657 1053 2711 simul
1073 2673 1137 2710 eum

228 2739 335 2810 angelis
359 2739 451 2794 laetus
477 2757 534 2794 non
558 2746 613 2809 eat,
639 2741 679 2797 sie
703 2745 837 2814 possibile
855 2752 897 2799 est
916 2759 989 2811 esse3
1012 2747 1043 2798 et
1060 2741 1085 2795 si
1101 2742 1137 2796 sl-

228 2826 287 2880 mul
312 2824 380 2879 faeti
402 2831 483 2894 sunt,
508 2827 583 2896 quod
607 2828 696 2898 magis
713 2835 815 2899 putant
833 2828 926 2896 multi,
952 2827 1081 2898 quoniam
1099 2827 1138 2882 le·

228 2911 319 2982 gitur:
351 2910 402 2981 qni
424 2909 492 2962 vivit
520 2910 551 2962 in
577 2920 733 2977 aeternnm,
760 2913 865 2968 creavit
896 2913 990 2966 omnia
1015 2912 1108 2980 simul,
1117 2915 1136 2980 ¹)

179 3001 211 3052 tt
228 2995 339 3050 videtur
367 3009 480 3048 neeesse
510 3010 578 3048 essa.
624 2995 680 3051 Sed
709 3004 738 3054 et
766 2998 790 3052 si
818 2995 952 3067 perfectio
980 2999 1137 3054 mundanae

228 3087 372 3136 creamus
395 3095 452 3137 non
475 3085 584 3133 tantum
609 3087 652 3135 eat
675 3081 859 3153 intelligenda
881 3081 910 3136 in
935 3100 1049 3139 numero
1066 3082 1137 3138 indi·

227 3165 388 3236 viduorum,
416 3173 550 3238 quantum
575 3164 605 3218 in
629 3183 744 3222 numero
760 3174 939 3239 naturarum,
963 3185 1076 3226 necesse
1094 3171 1138 3224 est

300 3332 326 3398 1)
344 3329 531 3386 ΕαοΙοείαεῐὶο.
553 3333 592 3399 ta,
613 3334 637 3386 l.
