2628 3810
220 305 265 371 44
405 303 434 360 S.
455 301 625 359 ANSELMI
644 299 950 358 CANTUAROENSIS

135 523 141 530 .
221 479 319 529 eontra
342 473 513 528 voluntatem
534 471 603 542 Dei,
632 469 826 542 gravissimum
850 469 983 541 quiddam
1007 474 1035 524 et
1058 467 1129 522 nulli

221 561 324 615 damno
354 558 541 630 comparabile
570 557 710 628 intelligo;
748 555 798 611 sed
828 557 947 612 solemus
977 555 1128 626 aliquando

221 646 314 702 facere
339 650 437 700 contre
459 641 630 698 voluntatem
652 640 770 695 alicuius
794 658 850 696 non
867 641 1129 714 reprehensibiliter,

221 737 320 786 utres
342 731 402 784 eius
425 733 583 796 ser-ventum
613 726 688 798 quod
712 731 811 797 postea
833 727 876 780 illi
898 728 1006 798 placet,
1034 733 1131 782 contra

189 817 302 878 eonius
330 816 502 870 voluntatem
529 812 655 868 facimus.
690 813 761 882 Aac.
796 810 859 866 Hoc
881 811 914 867 lit
938 812 1055 882 bomini,
1082 810 1131 885 qui

222 900 374 972 aliquando
393 916 449 953 non
467 897 600 968 intelligit
616 897 685 968 quid
702 897 738 951 sit
755 897 810 953 sibi
828 897 904 967 utile,
927 902 977 953 aut
997 916 1053 954 non
1068 903 1129 968 pot-

223 993 267 1041 est
291 990 447 1040 reamurare
474 981 549 1053 quod
574 981 709 1053 perdidit;
735 984 785 1038 sed
808 983 885 1038 Deus
911 983 989 1038 nullo
1013 983 1130 1054 indiget,

222 1076 252 1126 et
274 1068 367 1125 omnia
391 1067 416 1121 si
441 1067 578 1138 perinent,
605 1073 699 1138 posset
724 1068 798 1123 sicut
822 1085 855 1124 ea
880 1067 948 1123 feeit
973 1067 1130 1126 restituere.

188 1158 205 1208 9
222 1157 292 1209 Boe.
326 1152 421 1208 Fateri
438 1170 482 1208 me
501 1169 615 1210 necasse
630 1159 686 1222 est,
710 1155 778 1226 quia
794 1171 845 1226 pro
864 1152 1054 1210 conservande
1070 1158 1131 1208 tota

221 1245 351 1296 creatura
375 1237 444 1292 nihil
472 1240 602 1295 deberem
628 1240 720 1295 facere
748 1247 846 1296 eontra
869 1239 1040 1294 voluntatem
1067 1238 1130 1295 Dei.

173 1329 205 1381 10
223 1328 293 1381 Aac.
329 1323 404 1389 Quid
421 1323 446 1378 si
462 1323 557 1393 plures
577 1331 671 1380 essent
688 1325 785 1380 mundi
803 1325 879 1398 pleni
896 1323 1038 1394 creaturis,
1058 1324 1131 1379 sicut

222 1411 275 1468 ista
301 1410 362 1467 est‘?
396 1412 466 1465 Boe.
502 1409 531 1465 Si
557 1408 665 1464 infinito
689 1428 804 1466 numero
831 1410 1082 1482 multiplicarentur
1103 1414 1132 1463 et

223 1496 350 1566 similiter
391 1495 459 1550 mihi
502 1495 726 1564 ostenderentur,
765 1496 888 1566 idipsum
928 1495 1133 1566 responderem.

174 1587 204 1639 11
224 1584 293 1638 Ana.
329 1582 408 1640 Nihil
425 1579 529 1635 rectius
552 1586 648 1649 potes3
671 1581 722 1636 sed
744 1581 889 1636 considera
906 1581 1004 1650 etiam,
1026 1580 1050 1634 si
1067 1595 1131 1634 eon-

222 1669 358 1740 tingeret,
382 1671 415 1720 ut
439 1670 536 1721 eontra
556 1665 728 1720 voluntatem
746 1665 799 1722 Dei
825 1666 903 1720 illum
927 1670 1072 1736 aspectum
1089 1662 1132 1717 ia·

224 1769 316 1822 ceres3
335 1751 404 1823 quid
420 1765 516 1821 posses
534 1767 585 1820 pro
603 1750 657 1805 hoo
672 1757 789 1821 peceato
807 1749 934 1807 solvere?
969 1750 1039 1806 Bos.
1067 1749 1133 1804 Non

173 1842 205 1894 12
223 1837 314 1894 habeo
337 1835 444 1908 aliquid
467 1833 556 1888 maius
581 1851 665 1904 quam
683 1835 759 1906 quod
776 1853 861 1906 supra
879 1835 944 1890 dixi.
979 1836 1049 1890 Aca.
1086 1833 1133 1890 Sic

223 1921 346 1994 graviter
362 1935 518 1991 peccamus,
537 1919 756 1990 quotiescunque
775 1921 895 1976 scienter
910 1920 1018 1993 aliquid
1037 1937 1132 1993 quam·

223 2006 293 2061 libet
315 2021 433 2076 parvum
455 2009 553 2058 contra
573 2005 744 2060 voluntatem
763 2005 818 2061 Dei
842 2005 975 2078 tacimus3
1001 2007 1133 2078 quoniam

224 2107 334 2162 semper
362 2107 458 2144 sumus
483 2089 513 2144 in
537 2097 690 2162 conspectu
706 2089 780 2155 eius,
804 2097 833 2146 et
850 2108 959 2163 semper
974 2093 1036 2164 ipse
1053 2108 1133 2164 prae-

174 2183 206 2235 13
224 2176 293 2248 cipit
310 2177 444 2232 nobisne
460 2193 615 2248 peccemus.
650 2178 720 2231 Boe.
756 2177 798 2233 Ut
815 2176 907 2246 audio,
924 2177 1006 2232 nimis
1024 2179 1132 2250 pericu·

223 2265 282 2320 lose
299 2262 426 2317 vivimus.
462 2264 532 2320 Aac.
567 2261 662 2332 Patet,
689 2262 755 2334 quia
777 2262 931 2318 secundum
947 2263 1133 2336 quantitatem

224 2348 312 2420 exigit
333 2349 410 2404 Deus
435 2347 660 2404 satisfactionem.
696 2351 765 2403 Boe.
800 2348 864 2404 Non
889 2367 1002 2420 possum
1022 2363 1133 2420 negare.

175 2437 208 2489 14
224 2435 295 2489 Aua.
329 2433 393 2490 Non
418 2449 485 2504 ergo
504 2433 657 2502 satisfacis,
679 2432 703 2486 ai
721 2449 777 2488 non
796 2433 889 2489 reddis
910 2434 1018 2506 aliquid
1035 2433 1133 2502 maius,

177 2555 185 2577 .·
224 2533 309 2589 quam
336 2517 373 2572 sit
398 2517 428 2570 id
453 2535 505 2588 pro
531 2535 586 2590 quo
611 2524 758 2588 peccatum
782 2519 876 2576 faeere
905 2537 961 2575 non
988 2519 1134 2574 debueras.

223 2604 293 2657 Boc.
328 2601 366 2656 Et
394 2602 530 2659 rationem
557 2605 640 2659 video
664 2603 710 2658 sic
740 2604 850 2678 exigere
882 2611 910 2661 et
936 2603 1048 2660 omnino
1072 2618 1134 2657 esse

175 2693 206 2745 15
224 2685 404 2757 impossibile.
444 2688 514 2744 Ana.
548 2689 609 2746 Nec
632 2688 709 2745 Deus
735 2691 824 2746 ullum
849 2690 1003 2762 obligatum
1027 2686 1134 2758 aliqua·

179 2833 188 2846 ,
224 2782 305 2832 tenus
332 2774 429 2829 debito
457 2775 567 2846 peccati
592 2791 732 2831 assumere
759 2781 853 2847 potest
869 2776 906 2830 ed
924 2772 1134 2844 beatitudinem,

225 2862 293 2935 quia
310 2877 367 2916 non
385 2859 477 2916 debet.
512 2863 581 2917 Bor.
616 2861 706 2919 Nimis
730 2866 772 2916 est
788 2860 882 2933 gravis
901 2859 969 2914 haee
988 2858 1133 2914 sententia.

158 3057 161 3064 ¹
192 3028 206 3079 1
303 2999 371 3085 22·
422 3030 492 3083 Am.
518 3030 596 3086 Audi
612 3031 705 3088 adhuc
721 3031 806 3101 aliud,
816 3030 837 3102 ¹)
854 3045 905 3084 our
919 3045 976 3084 non
992 3029 1085 3084 minna
1098 3027 1136 3084 sit

226 3117 341 3173 difficile
364 3116 503 3172 hominem
523 3117 696 3172 reconciliari
714 3117 785 3174 Deo.
819 3118 889 3171 Bor.
922 3114 985 3171 Nisi
1002 3113 1072 3171 fides
1090 3130 1135 3170 me

275 3313 277 3324 ·
298 3290 324 3356 1)
342 3287 477 3344 Codicum
494 3294 604 3344 seouan
621 3303 798 3354 consensum,
821 3301 840 3339 a
855 3283 966 3342 verbis:
993 3286 1066 3340 uadi
1080 3286 1135 3339 ad·

226 3357 279 3412 duc
298 3362 351 3413 etc.
369 3358 479 3413 initium
498 3355 597 3430 eapitis
616 3361 649 3412 22
667 3354 734 3410 duxi
752 3353 919 3410 faciendum.
