2628 3810
223 284 266 358 28
406 289 434 346 St
452 287 624 347 ANSELMI
643 289 950 348 CANTUARIENSIS
1006 241 1008 245 Α

131 505 132 509 ,
223 459 251 514 ln
284 459 406 531 quodam
431 459 589 514 rationabili
616 467 645 515 et
673 459 797 530 perlecto
823 475 938 516 numero
963 458 1137 530 praescitam·

224 559 285 602 esse
302 561 321 600 a
336 545 411 614 Deo,
430 545 470 600 ita
487 551 519 599 ut
534 563 586 600 nec
603 546 732 600 maiorem
749 563 802 600 nec
821 547 954 601 minorem
972 545 1050 598 illum
1068 559 1130 599 esse

191 628 336 697 bdeceat,
350 645 418 684 -non
445 637 487 685 est
513 629 717 687 dubitandum(
750 629 809 684 Aut
834 631 907 684 enim
930 631 1020 686 nescit
1043 628 1130 700 Deus,

177 728 179 736 ’
224 713 328 783 inquo
347 729 463 768 numero
487 715 586 769 melius
611 730 672 768 eam
695 715 795 769 deceat
813 716 957 770 constitui:
986 716 1061 787 quod
1078 714 1132 769 fal·

225 815 287 853 sum
310 807 367 868 est,
397 805 447 853 aut
470 799 494 852 si
521 799 587 866 scit,
611 799 640 852 in
658 816 690 856 eo
708 799 785 854 illam
805 801 967 870 constituet,
993 799 1130 872 quemad

192 885 277 938 thoe
301 883 485 940 decentiorem
508 881 654 953 intelliget.
698 884 876 955 Quapropter
897 892 947 940 aut
971 884 1066 956 angeli
1089 883 1131 939 illi

226 969 274 1039 qsii
291 967 464 1035 ceciderunt,
482 965 551 1020 facti
570 972 648 1021 erant
666 970 703 1024 ad
722 969 781 1040 hoc,
798 976 831 1025 ut
848 975 939 1025 essent
959 968 1033 1024 intra
1051 970 1130 1025 illum

224 1065 385 1131 numerum3
418 1055 466 1104 aut
494 1052 561 1122 quia
588 1060 665 1108 extra
694 1054 780 1116 illum,
799 1071 943 1110 numerum
969 1069 1132 1124 permaneto

188 1137 189 1142 ’
224 1151 281 1190 non
304 1141 469 1207 potuerunt,
495 1153 529 1191 ex
553 1139 718 1195 necessitate
742 1139 915 1195 ceciderunt:
945 1139 1132 1210 1111111111-

226 1223 292 1276 dum
310 1228 352 1276 est
378 1219 494 1290 opinari.
529 1224 599 1277 Bos.
635 1223 745 1280 Veritas
768 1230 811 1278 est
833 1229 931 1293 aperta
952 1223 1028 1295 quod
1053 1224 1130 1279 dicis.

192 1315 206 1364 'i
225 1307 295 1362 Ana.
324 1305 462 1371 Quoniam
479 1325 546 1380 ergo
558 1301 601 1364 ¹de
620 1309 668 1363 illc
685 1324 800 1363 numero
820 1325 880 1364 esse
900 1309 1064 1378 debuerunt,
1082 1316 1132 1365 aut

225 1392 423 1448 restaurandus
441 1399 535 1446 estex
560 1392 724 1448 necessitate
749 1409 879 1448 numerus
903 1411 1012 1464 eorum,
1036 1400 1086 1448 aut
1101 1394 1132 1449 in

225 1477 387 1550 imperfecto
414 1495 528 1532 numero
558 1479 712 1534 remanebit
741 1479 884 1534 rationalis
913 1485 1028 1546 natura,
1060 1494 1132 1550 quae

225 1564 255 1619 in
282 1581 398 1620 numero
420 1563 544 1636 perfeeto
571 1565 710 1632 praescita
736 1573 793 1634 est3
818 1565 892 1636 quod
917 1579 1051 1618 essenon
1071 1567 1132 1632 pot·

192 1657 275 1711 sest.
310 1653 379 1704 Bos.
395 1647 583 1704 Restaurandi
600 1649 698 1718 procul
716 1649 801 1703 dubio
822 1655 893 1704 sunt
921 1649 990 1702 Ana
1010 1649 1132 1704 Necesse

179 1765 180 1770 κ
226 1734 268 1790 est
286 1753 366 1806 ergo,
392 1751 438 1789 eos
462 1733 497 1788 de
517 1733 640 1787 humana
658 1740 772 1802 natura,
791 1735 923 1806 quoniam
942 1751 998 1790 non
1015 1738 1058 1788 est
1075 1732 1132 1788 alia

226 1819 261 1874 de
279 1837 335 1890 qna
352 1820 460 1890 possint
476 1819 630 1874 restaurari

193 1979 206 2054 1'
237 1943 262 2000 ·
304 1955 373 2040 17·
406 1991 492 2043 'Bora
527 1965 585 2044 Cur
610 2006 665 2044 non
689 1989 744 2060 ipsi
764 1994 813 2042 aut
831 1989 880 2043 alii
897 1988 991 2059 angeli
1008 2006 1060 2059 pro
1076 1963 1131 2044 11111

224 2080 342 2144 possunt
367 2074 495 2130 restitui?
530 2076 601 2130 Ans.
636 2074 707 2130 Cum
732 2074 840 2130 videbis
866 2079 977 2128 nostrae
994 2081 1131 2130 restaura·

166 2174 173 2180 ·
224 2158 308 2214 tionis
330 2159 537 2231 difficultatem,
562 2160 695 2232 intelligis
720 2175 815 2215 eorum
832 2159 1063 2214 reconciliationis
1080 2159 1131 2212 im-

192 2245 443 2314 2possibilltatem.
478 2246 537 2301 Alii
559 2253 652 2302 autem
674 2245 768 2316 augeli
792 2262 843 2316 pro
870 2245 925 2300 illis
947 2244 1056 2299 restitui
1075 2259 1131 2299 non

224 2338 345 2402 possunt
361 2332 434 2400 ideo,
452 2331 495 2402 (ut
512 2340 617 2387 taceam
640 2331 777 2402 quomodo
793 2330 846 2386 hoc
864 2333 1023 2402 repugnare
1038 2329 1131 2385 videa·

224 2421 270 2469 ‘sur
287 2416 393 2486 primae
411 2417 558 2472 creationis
574 2415 750 2487 perfectioni)
776 2418 843 2487 quia
864 2434 921 2472 non
939 2417 1055 2486 debent,
1078 2413 1132 2470 nisi

224 2500 295 2554 tales
315 2517 375 2555 1111
391 2502 510 2571 possint,
538 2501 635 2572 quales
652 2500 694 2555 illi
712 2501 830 2556 fuissent
846 2501 869 2555 si
887 2521 942 2558 ncn
960 2506 1131 2571 peccassent

225 2593 289 2639 cum
306 2585 348 2638 illi
366 2587 444 2640 nulla
461 2586 522 2640 visa
540 2585 663 2640 vindicta
678 2589 787 2656 peccati
799 2591 1035 2657 perseverassent3
1055 2583 1131 2654 quod

224 2676 289 2740 post
307 2670 417 2725 illorum
436 2687 533 2725 casum
550 2670 612 2724 aliis
630 2671 678 2742 qui
702 2690 753 2742 pro
770 2671 825 2727 illis
842 2673 1065 2738 restituerentur,
1090 2685 1131 2724 ss·

192 2749 268 2808 isat
294 2754 472 2824 impossibile.
516 2755 581 2810 Non
602 2755 675 2809 enim
701 2758 805 2827 pariter
825 2755 981 2812 laudabiles
1005 2761 1082 2824 sunt,
1107 2754 1131 2809 si

226 2845 301 2895 stant
324 2840 354 2894 in
376 2841 505 2910 veritate,
531 2841 629 2914 etqui
652 2843 757 2897 nullam
781 2841 859 2896 novit
880 2838 987 2912 peccati
1012 2855 1131 2911 poenam

226 2932 255 2982 et
272 2925 321 2995 qui
339 2942 400 2981 eam
424 2943 533 2997 semper
556 2928 657 2998 aspicit
677 2935 827 2984 aeternam.
864 2927 936 2981 Nam
954 2941 1131 2997 nequaquam

226 3011 381 3083 putandum
399 3018 442 3067 est
461 3011 548 3066 bonos
572 3013 687 3086 angelos
712 3030 771 3068 essa
794 3011 970 3074 confirmatos
988 3027 1056 3065 casu
1075 3029 1131 3068 ma·

191 3095 324 3174 ilerum,
342 3097 391 3152 sed
409 3114 459 3152 suc
480 3097 588 3166 merito.
625 3097 703 3154 Sicut
727 3113 847 3168 namque
865 3096 889 3150 si
907 3096 975 3153 boni
994 3115 1058 3153 cum
1074 3115 1132 3154 ma·

124 3233 130 3238 ,
225 3180 260 3234 lis
278 3188 457 3253 peccassent,
483 3183 565 3252 simul
584 3181 707 3238 damnati
727 3188 832 3244 essent,
852 3179 892 3236 ita
909 3182 1006 3240 iniusti
1025 3183 1049 3239 si
1067 3201 1132 3240 cum

225 3263 306 3320 iustis
329 3269 481 3336 stetissent,
503 3267 607 3338 pariter
629 3265 784 3321 confirmati
804 3266 931 3324 fuissent.
971 3269 1132 3341 Quipposi
1227 3287 1231 3298 ‘

226 3351 314 3424 aliqui
335 3368 431 3408 eorum
453 3369 509 3406 non
530 3351 585 3406 nisi
608 3365 676 3406 casu
698 3350 817 3406 aliorum
839 3355 1022 3411 confirmandi
1044 3363 1131 3428 crant,
