2628 3810
407 271 484 328 cun
503 270 602 328 nnus
618 252 736 326 nono.
771 270 795 327 1.
815 275 854 326 n.
1039 267 1082 334 33

173 445 245 498 Aac.
273 441 367 495 Aliam
389 441 483 496 adhuc
507 441 631 498 eiusdem
658 441 812 498 sententiae
837 456 918 512 posse
938 439 994 494 dici
1011 444 1080 510 p'uto

172 529 317 584 rationem.
349 528 417 581 Bos.
434 525 516 582 Hanc
536 541 646 598 quoque
663 525 787 597 proferre
808 525 900 582 debes.
927 525 997 579 Ana.
1016 524 1081 580 Cre·
1100 529 1132 580 2⁷

174 614 266 668 dimus
289 612 361 666 hanc
388 613 484 666 mundi
510 613 611 669 molem
638 626 800 683 corpoream
824 612 853 666 in
878 611 978 666 melius
1003 628 1082 666 reno-

172 700 295 754 vandam
311 714 363 752 nec
379 696 433 752 hoc
450 697 575 753 intimus
596 714 665 762 esse,
683 699 771 754 donec
791 699 939 768 impleatur
950 710 1081 751 numerus

175 786 325 840 electorum
343 783 486 838 hominum
504 787 532 837 ct
549 779 599 836 illa
616 783 699 839 beata
716 783 878 854 perficiatur
895 783 1006 852 civitas,
1029 797 1082 838 nec

174 876 238 942 post
262 869 321 924 eius
344 867 543 938 perfectionem
566 867 760 923 differendum.
796 868 880 924 Unde
903 867 998 943 colligi
1020 873 1083 938 pot=
1099 871 1135 922 28Ἰ

175 962 217 1012 est
233 955 325 1010 Deum
341 954 379 1010 ab
396 952 476 1007 initio
496 953 687 1023 proposuisse,
705 959 737 1007 ut
754 959 903 1025 utrumqne
922 954 1004 1008 simul
1020 971 1082 1024 per

173 1042 283 1111 liceret3
311 1045 448 1112 quatenus
466 1042 495 1092 et
514 1037 603 1092 minor
619 1027 691 1109 qbae
708 1037 800 1094 Deum
816 1056 873 1094 non
891 1039 1014 1109 sentiret,
1034 1032 1089 1094 na?

172 1134 238 1183 tura
254 1134 319 1182 ante
343 1125 475 1180 maiorem
501 1139 573 1193 quac
590 1123 653 1179 Deo
675 1124 731 1178 frui
752 1125 879 1194 deberet,
905 1141 1083 1196 nequaqnam

171 1214 364 1286 perficeretur3
389 1215 417 1266 et
440 1209 470 1262 in
494 1209 606 1264 maioris
623 1209 795 1279 perfectione
813 1215 920 1265 mutata
938 1211 967 1264 in
984 1209 1082 1266 melius

173 1318 225 1356 suo
250 1299 372 1371 quodam
399 1294 481 1349 modo
509 1295 589 1365 quasi
618 1298 876 1366 congratularetur3
906 1295 961 1350 imo
993 1296 1083 1350 omnis
1134 1311 1136 1318 ’

174 1391 301 1441 creatura
322 1383 358 1437 de
375 1389 434 1437 tam
452 1379 572 1450 gloriosa
592 1385 698 1435 ettam
718 1381 876 1437 admirabili
894 1379 938 1434 sui
957 1398 1083 1436 consum·

174 1469 294 1524 melione
311 1465 366 1537 ipsi
391 1465 510 1519 creatori
529 1471 558 1519 et
578 1464 632 1519 sibi
651 1464 770 1520 invicem
785 1481 913 1537 quaeque
932 1482 983 1520 suo
1001 1467 1084 1521 modo

172 1551 285 1610 'aeterne
311 1549 514 1622 congaudendo
538 1548 750 1620 iocundaretur,
776 1556 914 1622 quatenus
938 1551 1013 1621 quod
1035 1567 1084 1605 vo·

172 1639 266 1694 luntas
287 1639 318 1692 in
341 1634 472 1692 rationali
493 1640 595 1690 neutra
619 1641 718 1707 sponte
742 1635 823 1706 facit,
847 1636 900 1692 hoc
920 1643 948 1691 et
965 1635 1022 1690 iam
1042 1637 1083 1690 in-

174 1723 313 1778 sensibilis
329 1729 456 1778 creatura
473 1738 524 1792 per
540 1721 596 1776 Dei
623 1721 833 1791 dispositionem
852 1721 1017 1777 naturaliter
1038 1737 1083 1775 ex-

172 1806 289 1862 hiberet.
330 1806 455 1862 Solemus
480 1823 601 1878 namque
625 1806 654 1860 in
681 1807 816 1862 maiorum
834 1815 991 1864 nostrorum
1010 1807 1083 1863 exal·
1101 1807 1134 1859 29

173 1891 279 1946 tatione
301 1894 490 1964 congaudere,
514 1899 547 1948 ut
569 1909 632 1948 cum
650 1893 680 1946 in
701 1893 837 1949 natalitiis
856 1893 1019 1950 Sanctorum
1037 1909 1082 1947 ex·

174 1975 310 2030 ultatione
327 1976 428 2032 festiva
451 1978 634 2033 iocundamur
657 1978 692 2034 de
716 1979 807 2050 gloria
824 1995 918 2034 eorum
937 1979 1094 2034 laetantes:

175 2059 267 2124 Quam
288 2065 454 2118 sententiam
477 2065 547 2118 illud
567 2063 700 2118 adiuvare
717 2065 842 2134 videtur,
866 2064 933 2134 quia
950 2063 974 2118 si
989 2063 1082 2118 Adam
1100 2063 1137 2116 30

174 2159 231 2198 non
247 2149 398 2216 peccasset,
418 2149 541 2205 differret
558 2155 652 2204 tamen
670 2147 747 2203 Dens
765 2147 843 2202 illam
863 2147 1004 2202 civitatem
1021 2165 1083 2217 per

174 2226 273 2296 ficere,
297 2227 385 2283 donec
409 2234 547 2303 completo
575 2250 608 2288 ex
629 2233 788 2290 hominibus
812 2249 895 2304 quem
919 2233 1085 2302 expectabat

175 2329 300 2381 numero,
318 2311 372 2381 ipsi
384 2331 494 2387 quoque
511 2318 636 2374 homines
654 2319 684 2372 in
703 2333 858 2388 corporum,
877 2321 909 2372 ut
926 2317 967 2371 ita
984 2318 1082 2390 dicam,
1136 2356 1138 2362 ,

176 2397 359 2454 immortalem
379 2405 628 2460 transmutarentur
653 2403 897 2458 immortalitatem.
931 2399 1084 2459 Habebunt
1101 2399 1133 2452 31

178 2485 250 2539 enim
283 2483 313 2538 in
342 2485 474 2554 paradiso
503 2490 645 2558 quandam
673 2488 910 2543 immortalitatem
936 2489 953 2543 i.
981 2506 1006 2544 e.
1035 2505 1084 2560 po·

176 2573 305 2624 testatem
329 2584 387 2624 non
411 2572 561 2642 moriendi,
588 2575 637 2632 sed
664 2592 720 2630 non
747 2580 807 2629 erat
830 2573 992 2630 immortalis
1014 2574 1085 2630 haec

177 2659 315 2726 potestas,
334 2653 403 2726 quia
417 2663 527 2726 poterat
544 2660 626 2729 mori,
652 2664 685 2713 ut
702 2659 810 2713 scilicet
826 2658 880 2728 ipsi
897 2677 953 2715 non
971 2659 1085 2731 possent

177 2741 254 2794 mori
291 2736 372 2806 Quod
395 2741 419 2795 si
429 2743 446 2809 ¹)
474 2742 514 2796 ita
538 2749 591 2812 eet,
615 2751 648 2798 ut
669 2743 802 2798 videlicet
823 2743 986 2798 rationalem
1007 2743 1147 2798 tuamet·

179 2833 207 2882 et
223 2827 336 2883 beamm
354 2827 494 2884 civitatem
518 2833 547 2883 ct
563 2827 636 2883 hanc
653 2829 823 2884 mundanam
840 2829 1084 2899 insensibilemque

178 2917 306 2968 naturam
326 2914 405 2969 Deus
422 2914 458 2971 ab
476 2912 556 2969 initio
580 2913 755 2985 proposuerit
772 2913 855 2968 simul
871 2914 1019 2984 perlicere,
1041 2913 1090 2966 ri·-

180 2997 262 3052 detur
280 2997 347 3069 quia
366 3005 415 3053 aut
431 2999 480 3054 illa
498 2999 596 3056 civitas
613 3016 670 3054 non
688 3005 748 3054 erat
766 2999 906 3069 completa
922 2997 952 3050 in
969 3013 1093 3052 numero*

178 3081 340 3153 angelorum
356 3090 421 3140 ante
442 3086 583 3142 malorum·
600 3083 722 3156 ruinam,
745 3085 796 3140 sed
813 3082 979 3155 expectabat
996 3083 1084 3152 Deus,
1124 3075 1150 3119 ‘t

178 3171 211 3222 ut
245 3181 306 3223 eam
336 3167 371 3222 de
397 3168 554 3227 hominibus
582 3168 749 3243 compleret,
781 3169 894 3254 quando
919 3183 1085 3240 corpoream

251 3323 275 3390 ι)
298 3320 357 3376 aee
375 3324 481 3382 sinn

911 3411 927 3461 3
