2628 3810
421 257 499 316 OUB
514 257 617 316 Deus
633 257 753 318 Hosto,
788 257 831 324 IL
846 265 887 318 18.
1061 261 1109 329 ’87

200 415 403 502 porrectum
421 443 503 500 posse
522 435 550 486 et
572 430 765 487 neemsitotem
789 429 941 503 uliqunndo
958 430 1028 500 diei,
1052 449 1110 487 non

202 514 269 586 quio
291 514 407 569 suntin
431 514 515 569 rebus
534 513 585 570 ubi
608 515 753 583 dicuntur,
775 515 825 570 sed
847 514 978 587 quonism
997 516 1109 571 suntin

201 599 268 664 elio,
292 598 334 654 ite
356 605 384 656 et
407 599 516 656 debere.
553 599 674 672 Quippe
687 615 751 654 oum
774 599 892 655 dicimus
915 599 1016 656 debere
1039 617 1109 671 peu·
1129 607 1160 660 15

200 701 281 756 peres
304 702 322 740 e
347 682 482 740 divitibus
505 685 708 757 eleemosynam
730 684 868 756 accipere,
892 702 948 740 non
970 689 1014 740 est
1031 685 1108 740 uliud

200 786 285 842 quem
313 771 413 826 divites
443 770 544 828 dehere
572 770 742 843 pauperibus
773 769 978 841 eleemosynam
1003 770 1107 841 impen·
1206 817 1218 844 ,

201 855 280 924 dere3
315 854 367 910 hoo
400 872 521 929 numque
559 857 686 913 debitum
722 872 779 912 non
815 860 858 912 est
893 855 1062 926 exigendum
1090 873 1108 910 a

199 953 322 1010 paupere
351 938 400 994 sed
422 957 444 994 e
471 941 565 999 divite.
610 941 688 997 Deus
714 958 823 1014 quoque
850 940 953 996 dieitur
979 940 1107 996 omnibus
1128 939 1160 992 16

201 1024 302 1080 debere
323 1041 465 1096 proeesse,
497 1044 553 1082 non
585 1026 651 1098 quie
678 1026 726 1082 ille
743 1026 772 1081 in
789 1026 842 1082 hoe
860 1026 1054 1098 aliquomodo
1073 1026 1109 1080 sit

201 1109 318 1179 debitor,
342 1110 392 1166 sed
408 1112 538 1183 quoniam
562 1113 656 1168 omnia
680 1111 784 1166 debent
799 1110 840 1164 illi
860 1111 991 1182 subesse,
1015 1118 1044 1168 et
1061 1111 1108 1167 de-

200 1193 266 1250 bere
289 1194 382 1251 faeere
407 1196 482 1268 quod
505 1196 578 1266 vult,
603 1197 734 1267 quonium
758 1197 833 1269 quod
858 1196 920 1252 vult
936 1196 1020 1253 debet
1039 1213 1107 1252 esse

201 1280 246 1335 Ite
266 1282 377 1353 quando
394 1281 457 1352 vult
471 1280 566 1353 ulique
589 1287 718 1336 ereatura
740 1278 846 1348 fucere,
874 1282 950 1349 quod
966 1275 1049 1337 suum
1066 1289 1109 1338 est
1126 1279 1159 1332 1'1

200 1365 292 1423 fecere
315 1372 344 1424 ot
367 1366 550 1436 nonfacere,
576 1367 678 1422 dieitur
701 1364 803 1421 debere
820 1364 927 1436 iecere,
950 1367 1017 1438 quio
1033 1369 1108 1438 quod

198 1452 261 1524 ipsu
277 1453 338 1508 vult
356 1453 439 1508 debet
456 1469 524 1510 esee.
560 1452 697 1508 Dominus
721 1451 816 1522 itaque
835 1450 929 1520 Iesus,
953 1468 1018 1507 oum
1037 1471 1107 1509 mor·
1125 1451 1161 1509 te

198 1542 256 1592 tem
272 1536 355 1606 (siout
372 1537 501 1607 diximus)
519 1538 655 1594 sustinere
671 1537 773 1606 voluit,
799 1537 930 1608 quonium
949 1555 1030 1593 suum
1049 1546 1108 1594 erut

199 1628 229 1677 et
245 1623 305 1694 poti
324 1629 352 1678 et
371 1640 427 1678 non
443 1624 512 1695 peti,
529 1621 627 1680 debuit
643 1623 736 1680 faeere
753 1622 830 1695 quod
846 1622 927 1693 feeit,
948 1623 1015 1694 quie
1032 1623 1108 1695 quod

199 1709 288 1764 voluit
312 1707 374 1763 fieri
401 1708 511 1779 debuit,
536 1714 566 1764 et
586 1727 643 1764 non
665 1709 764 1765 debuit
780 1708 885 1776 faeere,
912 1707 978 1778 quie
996 1724 1054 1763 uon
1074 1715 1113 1762 ex'

200 1793 303 1850 debito.
339 1794 446 1865 Nempe
474 1795 604 1866 quonium
626 1797 688 1868 ipse
712 1795 787 1850 idem
809 1799 853 1850 est
872 1792 950 1849 Deus
969 1799 999 1848 et
1015 1792 1106 1864 homo,
1126 1802 1161 1855 19

199 1879 352 1934 seeundum
375 1879 524 1936 humanum
542 1881 655 1954 quidem
680 1887 809 1938 naturam
828 1897 862 1936 ex
879 1891 935 1949 quo
954 1879 1009 1935 fuit
1026 1879 1108 1934 bomo

199 1963 239 2018 sio
260 1965 367 2036 aceepit
385 1981 403 2020 e
427 1965 526 2022 divine
550 1974 664 2037 nature,
692 1984 764 2040 queo
788 1966 844 2021 alie
860 1962 903 2022 eet
920 1966 956 2022 eb
977 1966 1108 2035 humanu,

199 2066 259 2107 esse
279 2069 359 2106 suum
377 2049 514 2122 quidquid
530 2049 667 2122 habebut,
691 2057 724 2106 ut
749 2052 820 2106 nihil
838 2051 953 2112 deberet
970 2052 1037 2107 dure
1054 2051 1109 2108 uisi

160 2202 162 2207 Ι
199 2135 275 2204 quod
290 2135 417 2204 volebet3
443 2136 595 2192 seeundum
608 2153 756 2208 personum
772 2153 838 2192 vero
855 2128 895 2189 sio
915 2155 934 2193 e
950 2137 1042 2208 seipeo
1060 2137 1108 2190 he·

197 2219 284 2276 bebat
314 2221 390 2294 quod
419 2219 569 2288 habebet1)
599 2227 629 2278 et
659 2222 700 2278 sio
731 2222 854 2294 perfecte
873 2223 940 2292 [sibi
968 2223 1109 2278 sufficiens

201 2311 275 2374 eret,
297 2311 331 2362 ut
346 2323 400 2362 neo
424 2307 473 2362 nlii
497 2307 648 2378 quicquum
669 2308 822 2365 retribuere
847 2308 975 2379 deberet,
996 2325 1050 2364 nee
1065 2313 1108 2364 'ut
1180 2301 1184 2312 '

198 2390 253 2448 eibi
280 2392 477 2448 retribueretur
504 2393 570 2448 dure
597 2394 744 2465 indigeret,
792 2396 862 2448 Boo.
896 2393 1003 2464 Aperte
1027 2409 1103 2448 nuno
1125 2387 1159 2444 ²0

198 2476 296 2547 rideo,
319 2476 386 2548 quie
411 2478 490 2534 nullo
505 2479 615 2534 ratione
633 2469 755 2551 seipsum
771 2479 852 2534 morti
869 2495 902 2534 ex
921 2475 1028 2549 debito,
1040 2527 1043 2533 .
1055 2477 1107 2532 sio·

198 2569 231 2618 ut
256 2562 328 2619 ratio
354 2580 417 2619 mee
444 2563 592 2620 videbatur
617 2571 788 2634 monstrare,
818 2564 895 2621 dedit
919 2565 956 2620 sd
973 2566 1105 2620 honorem

197 2647 264 2718 Dei,
292 2654 322 2704 et
342 2654 436 2704 tumen
454 2648 546 2704 fecere
571 2649 669 2705 debuit
693 2650 767 2721 quod
791 2649 865 2706 feeit
902 2651 973 2705 Aoo.
1009 2651 1107 2706 Honor
1124 2650 1156 2704 21

197 2733 294 2806 utique
322 2733 370 2790 ille
395 2733 481 2789 totius
506 2741 548 2790 est
576 2734 735 2806 Trinitatis3
765 2752 851 2808 quere
877 2737 1010 2808 quonium
1032 2736 1106 2790 idem

197 2816 257 2887 ipse
281 2824 323 2875 est
342 2819 422 2874 Deus
446 2819 535 2875 Filius
560 2820 627 2890 Dei,
654 2821 691 2876 sd
717 2820 849 2877 honorem
876 2839 957 2878 suum
986 2821 1106 2890 seipsum

197 2903 252 2960 sibi
276 2903 349 2958 siout
364 2904 443 2960 Petri
467 2911 495 2960 et
520 2904 637 2977 Spiritui
659 2911 756 2961 semoto
767 2905 883 2962 obtulit
900 2907 919 2962 i.
938 2924 961 2961 e
977 2903 1103 2958 humeni-

197 2993 285 3043 tutem
302 3005 380 3058 suem
397 2989 537 3046 divinimti
553 3007 638 3061 sune,
666 3007 739 3064 quae
755 3009 814 3047 une
832 2992 929 3048 eudem
945 2989 1029 3045 trium
1045 3005 1107 3060 per·

197 3089 329 3129 sonorum
349 3080 398 3133 est
434 3075 476 3132 Ut
491 3079 587 3130 tumen
609 3075 639 3131 in
663 3077 761 3133 eedem
782 3077 845 3149 ipsu
861 3075 977 3131 veritate
993 3089 1107 3130 munen-
1125 3071 1159 3124 ²2

197 3164 240 3214 tes
257 3160 380 3230 apertius
399 3161 545 3232 loquemur
562 3161 638 3232 quod
653 3163 790 3233 volumus,
810 3162 934 3216 dicemus
952 3157 1025 3216 siout
1039 3174 1106 3212 usus

270 3315 295 3382 l)
314 3314 433 3368 habebat
452 3316 588 3386 quioquid
607 3315 726 3370 babebat
742 3315 804 3371 Au
