2628 3810
376 263 457 360 JuUR
476 268 710 330 DEUSHOMO.
746 273 769 328 Ι.
791 278 934 328 12-215.v
994 323 996 327 ,
1047 259 1090 334 25
1196 355 1200 360 1

266 563 337 650 14,
385 597 454 650 Bor.
490 595 546 652 Sed
571 597 636 665 rulo
663 611 680 650 a
706 602 735 652 te
760 595 872 665 audire,
900 596 924 649 oi
949 597 1124 668 peccantir1

187 699 279 756 poena
297 681 335 736 ait
357 680 398 736 iili
423 681 510 736 honor
531 688 581 737 aut
603 681 759 737 cuiusmodi
782 683 869 737 honor
889 683 932 737 sit
968 683 997 739 Si
1017 684 1090 739 enim

188 784 283 840 poena
296 767 444 838 peccantis*
458 785 515 822 non
538 768 607 822 eius>
622 768 709 824 honor
728 775 782 824 est:
810 785 874 824 oum
890 777 1020 840 peccator
1037 787 1094 826 non

189 853 272 910 solvit
289 853 363 924 quod
380 853 509 918 abstulit,
528 855 581 908 aed
591 856 728 926 punitur,
748 856 787 909 oio
805 854 897 926 perdit
913 856 990 912 Deus
1009 855 1094 910 hono·

189 955 248 996 rem
266 955 358 1009 auum,
380 945 411 994 ut
432 957 489 995 non
510 945 669 1010 recuperct3
694 940 769 1012 quod
787 940 830 994 his
849 957 921 1013 quae
941 941 1015 996 dicta
1030 944 1096 998 aunt

188 1041 346 1096 repugnare
364 1025 483 1084 ridetur.
517 1027 584 1079 Aua
607 1025 699 1080 Deum
716 1025 887 1096 impossibile
905 1032 948 1083 est
964 1028 1128 1084 honoremt

191 1124 272 1166 tuum
298 1111 429 1183 perdere3
463 1118 512 1166 aut
544 1111 617 1166 enim
639 1117 770 1182 peccator
792 1118 892 1181 sponte
914 1113 997 1169 solvit
1021 1114 1098 1185 quod

192 1195 282 1265 debat,
300 1202 350 1252 aut
369 1196 446 1251 Deua
463 1197 500 1252 ab
514 1197 600 1252 invito
618 1197 730 1268 accipit.
765 1197 838 1254 Nam
857 1205 906 1253 aut
922 1199 1003 1253 homo
1020 1199 1097 1256 debi·
1113 1211 1127 1260 3

189 1287 247 1335 tam
274 1281 472 1337 subiectionem
498 1282 572 1350 Deo,
600 1283 658 1337 sive
683 1298 740 1337 non
765 1284 908 1352 peccando
935 1284 993 1340 aive
1021 1285 1096 1356 quod

190 1373 290 1438 peccat
307 1367 453 1446 solvendo,
470 1368 614 1422 voluntate
634 1372 788 1438 spontanea
803 1367 927 1437 exhibet,
952 1375 1001 1424 aut
1017 1368 1095 1426 Deua

191 1469 256 1508 cum
275 1452 393 1508 inritum
412 1453 466 1507 sibi
486 1443 651 1523 torquendo
664 1451 778 1507 subiicit
794 1459 823 1508 et
841 1453 880 1506 sic
899 1470 929 1508 ae
945 1454 1097 1510 Dominum

191 1538 251 1594 aine
270 1556 329 1594 ease
352 1538 489 1608 ostendit,
515 1538 591 1608 quod
613 1537 672 1609 ipse
696 1538 778 1594 homo
796 1539 939 1594 voluntate
956 1539 1039 1594 fateri
1055 1555 1098 1596 re-

192 1629 280 1678 oueat
320 1624 355 1678 In
382 1641 436 1695 quo
464 1623 705 1694 considerandum,
733 1625 799 1695 quia
827 1624 899 1680 siout
924 1625 1006 1680 homo
1033 1629 1133 1696 pec-4

192 1710 283 1765 cando
314 1709 388 1780 rapit
414 1709 489 1780 quod
518 1709 574 1764 Dei
601 1716 657 1781 est,
686 1711 726 1765 ita
742 1711 820 1766 Deus
838 1710 979 1781 puniendo
1008 1711 1099 1766 aufert

194 1796 268 1864 quod
284 1795 401 1852 hominia
421 1802 469 1853 eat.
504 1796 614 1868 Quippe
637 1815 694 1852 non
719 1797 808 1852 nolum
822 1797 851 1852 id
870 1797 961 1867 ipsum
981 1795 1099 1852 alicuius

196 1896 255 1935 osae
281 1881 382 1938 dicitur
406 1883 558 1954 quodiam
583 1882 719 1954 possidet,
743 1881 793 1936 sed
821 1881 896 1952 quod
918 1881 947 1935 in
970 1881 1029 1935 eius
1051 1898 1100 1952 po·

195 1971 294 2022 tentate
317 1974 360 2022 est
383 1974 415 2023 ut
438 1969 548 2024 habeat
584 1967 721 2033 Quoniam
748 1984 814 2039 ergo
837 1966 919 2022 homo
943 1967 984 2021 ita
1008 1967 1135 2022 factust

196 2056 253 2119 aet,
278 2057 310 2107 ut
336 2053 538 2110 beatitudinem
563 2052 666 2108 habore
691 2057 799 2122 posset,
828 2051 851 2104 oi
880 2071 936 2108 non
958 2059 1101 2123 peccaret:

1144 681 1176 696 »A

197 2154 261 2192 cum
277 2139 391 2208 propter
414 2145 560 2210 peccatum
579 2137 755 2194 beatitudine
778 2143 808 2192 et
826 2138 899 2191 omni
918 2138 993 2192 bono
1010 2138 1102 2208 priva-

196 2229 250 2291 tur,
277 2223 313 2278 de
335 2240 386 2278 auo
408 2225 534 2296 quamvis
557 2223 659 2281 invitus
685 2222 768 2278 solvit
794 2222 868 2294 quod
893 2223 1001 2293 rapuit3
1029 2224 1102 2294 quia,

196 2308 264 2366 licet
291 2308 368 2364 Deua
394 2310 446 2365 hoc
472 2311 508 2364 ad
536 2327 617 2364 usum
641 2309 685 2364 oui
710 2307 848 2365 commodi
876 2325 932 2362 non
953 2307 1103 2363 transferat

198 2395 275 2468 quod
291 2394 395 2459 aufert,
421 2396 493 2449 sicut
508 2395 591 2450 homo
608 2396 756 2466 pecuniam
773 2411 857 2467 quam
875 2393 923 2448 alii
941 2392 1045 2464 aufert,
1071 2393 1102 2447 in

198 2499 278 2536 suam
295 2480 431 2536 convertit
448 2480 608 2536 utilitatem:
635 2480 688 2536 hoc
715 2485 809 2536 tamen
827 2480 903 2550 quod
920 2479 1024 2549 aufert,
1049 2479 1103 2534 uti·

198 2573 244 2623 tur
275 2568 311 2622 ad
340 2584 421 2622 ouum
450 2566 593 2634 honorem,
622 2583 673 2635 per
697 2566 749 2620 hoc
777 2565 844 2636 quia
869 2565 967 2620 aufert.
1015 2565 1103 2620 Aufe-
1138 2563 1154 2614 6

199 2655 285 2709 nendo
309 2654 382 2709 enim
401 2656 575 2724 peccatorem
592 2657 620 2704 et
639 2667 711 2719 quae
728 2651 804 2706 illiua
823 2655 889 2704 sunt
908 2650 1033 2705 subiecta
1050 2649 1104 2705 sibi

186 2755 260 2796 ¹<arose
278 2740 387 2811 probat.

281 2963 349 3047 15.
398 2998 466 3050 Boo.
483 2993 581 3048 Placet
599 2990 673 3062 quod
694 2989 770 3045 dicia.
797 2988 853 3064 Sed
874 2995 916 3044 eat
927 2994 955 3042 et
966 2985 1051 3051 aliud,
1068 2983 1137 3039 adl

203 3081 277 3154 quod
295 3086 372 3135 tuam
391 3079 596 3150 responsionem
613 3077 733 3148 postulo.
768 3077 841 3134 Nam
859 3073 882 3129 si
902 3072 979 3127 Deua
998 3070 1038 3124 ita
1055 3070 1106 3125 oic-

202 3173 235 3222 ut
259 3161 374 3236 probas,
401 3183 482 3220 auum
512 3163 597 3220 debet
618 3162 748 3230 honorem
775 3177 896 3216 servaro:
914 3153 976 3212 'cur
999 3155 1044 3210 vel
1070 3155 1107 3221 ad

203 3251 344 3306 modicum
359 3250 465 3319 patitur
481 3250 560 3304 illum
577 3247 694 3303 violari?
722 3246 805 3313 Quod
824 3243 897 3298 anim
913 3242 1007 3312 aliquo
1024 3242 1107 3296 modo

204 3335 278 3392 laedi
288 3335 395 3404 uiuitur,
407 3332 770 3416 nonintagrenecperfecte
780 3325 943 3382 custoditur.
967 3327 1035 3381 Am.
1051 3323 1107 3380 Dei
1125 3328 1141 3378 2
