2628 3810
235 239 280 308 54
417 240 445 300 s,
463 241 636 309 suumin
652 205 965 304 saumariorum

204 441 217 490 1
317 411 358 498 3·
409 445 480 502 Asa.
514 446 599 504 Unde
619 451 715 518 aperte
733 447 902 518 quandoque
918 447 1014 504 futura
1030 456 1151 506 mortuo·

237 545 300 584 rum
329 530 496 588 resurrectio
531 531 673 601 probatur.
719 530 830 603 Quippe
857 533 882 588 si
914 533 997 590 homo
1026 535 1151 605 perfecte

238 617 437 672 restaurandus
455 621 505 686 eat,
521 615 587 671 talis
610 615 693 672 debet
713 617 830 688 restitui,
851 619 942 690 qualis
959 618 1069 674 futinus
1082 625 1151 688 erat,

203 701 263 755 2si
285 717 343 756 non
367 707 520 773 peccasset.
555 704 625 756 Boe.
659 699 750 756 Aliter
779 718 840 757 esse
863 719 921 758 nou
944 709 1045 776 potest
1080 705 1151 760 Aue.

239 785 482 852 Quemadmodum
496 787 584 858 igitur
601 787 626 841 si
642 803 699 841 nou
709 791 855 857 peccasset
868 786 958 859 homo,
978 807 1042 845 cum
1054 791 1152 846 eodem

240 874 318 945 quod
347 873 464 946 gerebat
493 887 608 942 corpore
636 870 666 926 in
696 870 986 942 incorruptibilitatem
1015 880 1152 930 mammu-

239 957 344 1014 taudus
363 963 436 1027 erat,
457 956 498 1011 ita
515 960 638 1026 oportet,
655 959 688 1011 ut
705 973 770 1011 cum
787 957 1003 1028 restaurabitur,
1021 977 1085 1014 cum
1102 976 1153 1014 suo

207 1043 270 1098 3in
300 1059 356 1113 quo
388 1040 457 1100 vivit
485 1040 515 1094 in
543 1039 598 1096 hac
629 1040 689 1096 vita
719 1058 834 1114 corpore
864 1048 1041 1102 restauretur.
1084 1047 1153 1100 Bos.

241 1127 317 1194 Quid
335 1125 581 1198 respondebimus,
606 1125 711 1197 siquis
730 1125 819 1194 dicat,
839 1127 906 1199 quia
926 1127 979 1182 hoc
996 1127 1057 1184 fieri
1074 1146 1153 1201 opor·

243 1218 284 1270 tet
303 1211 338 1266 ds
358 1210 414 1266 illis
432 1209 582 1282 inquibus
602 1211 755 1266 humanum
772 1229 861 1284 genus
880 1213 1095 1285 restamabitur,
1118 1215 1154 1271 de

207 1296 368 1367 treprobis
386 1311 453 1353 uero
470 1312 527 1350 uon
551 1301 594 1351 est
618 1297 750 1352 neeesse?
785 1299 856 1353 Aoo.
889 1297 967 1356 Nihil
983 1298 1084 1354 iustius
1105 1305 1155 1356 aut

242 1383 453 1439 convenientius
478 1381 658 1452 intelligitur,
682 1399 766 1454 quam
783 1389 828 1453 ut,
853 1383 926 1439 sicut
949 1383 1032 1439 homo
1050 1384 1074 1438 si
1091 1402 1154 1455 per-

241 1475 397 1524 seumasset
419 1465 592 1535 iniustitia,
614 1473 689 1522 totus
711 1468 773 1524 us.
799 1467 893 1524 anima
917 1474 946 1524 et
971 1481 1085 1538 corpore
1109 1485 1155 1524 ae
1197 1521 1200 1525 .

241 1560 320 1611 terne
337 1553 437 1610 beatis
456 1557 542 1622 essen
565 1551 607 1607 ita
628 1551 653 1606 si
675 1558 835 1622 perseverat
860 1553 891 1608 in
909 1551 1058 1622 iniustitia,
1077 1558 1153 1609 totus

241 1641 369 1696 similiter
391 1645 502 1696 aeter-nc
526 1635 610 1694 miser
636 1636 681 1694 sit
717 1639 785 1693 Bos.
820 1637 947 1696 Breviter
968 1637 1036 1694 mihi
1058 1639 1094 1696 de
1110 1639 1155 1696 his

243 1724 411 1782 satisfecisti.

211 1915 225 1967 1
324 1877 366 1966 4.
418 1911 489 1966 Aac.
523 1909 567 1964 Ex
590 1907 634 1962 his
653 1911 697 1963 est
713 1905 797 1963 facile
814 1925 995 1982 cognoscere,
1023 1913 1155 1985 quoniam

243 1999 294 2050 aut
309 1994 363 2052 hoc
383 1991 419 2052 de
435 1994 558 2050 humana
582 1997 683 2049 natura
709 1993 835 2064 perficiet
852 1995 931 2051 Deua
950 1996 1026 2067 quod
1043 1997 1155 2071 incepit,

244 2081 342 2136 autin
364 2097 467 2137 vanum
488 2079 556 2135 iecit
577 2084 636 2136 tam
660 2079 807 2136 subumem
831 2087 961 2136 naturam
984 2084 1022 2138 ad
1045 2088 1157 2138 tantum

211 2166 357 2222 itionum.
391 2166 433 2222 At
455 2166 479 2222 si
502 2165 573 2220 nihil
594 2165 742 2236 pretiosius
770 2165 932 2236 agnoscitur
953 2167 1032 2224 Deus
1055 2169 1158 2225 iecisse

246 2269 330 2324 quam
347 2251 511 2308 rationalem
532 2257 661 2306 neumam
686 2250 722 2304 ad
745 2251 925 2322 gaudendum
951 2253 987 2310 de
1006 2271 1049 2325 ss,
1074 2255 1158 2312 valde

246 2338 368 2394 alienum
387 2342 430 2391 est
447 2336 485 2392 ab
510 2353 556 2405 eo,
581 2342 615 2391 ut
636 2335 724 2391 ullam
749 2334 914 2391 rationalem
932 2345 1060 2395 naturam
1078 2339 1158 2410 peni·

246 2428 292 2477 tus
308 2420 401 2492 perire
417 2420 499 2478 sinat
534 2424 604 2477 Bos.
639 2421 704 2480 Non
720 2426 815 2491 potest
833 2421 914 2478 aliter
931 2431 1031 2494 putare
1049 2440 1097 2478 cer
1113 2442 1157 2479 ra·

212 2505 358 2562 adouale.
394 2507 464 2561 Aua.
499 2504 620 2562 Necesse
643 2510 687 2560 est
706 2522 788 2578 ergo,
814 2513 846 2562 ut
864 2509 900 2564 de
917 2507 1039 2564 humana
1056 2513 1158 2565 natura

246 2590 374 2661 perficiat
392 2591 468 2662 quod
486 2589 606 2661 incepit3
634 2589 688 2646 hoc
711 2598 805 2646 autern
831 2590 904 2662 fieri,
930 2593 1004 2648 sicut
1029 2591 1156 2665 diximus,

246 2675 344 2744 nequit
360 2676 415 2732 nisi
441 2692 492 2747 per
515 2675 654 2748 integram
682 2678 791 2748 peccati
815 2677 1046 2748 satisfactionem,
1072 2695 1158 2750 quam

213 2761 340 2821 4nullus
362 2768 494 2830 peccator
515 2761 610 2818 facere
634 2767 734 2834 potest
771 2763 839 2817 Bos.
875 2762 1007 2835 Intelligo
1030 2763 1087 2819 iam
1109 2782 1158 2821 ne-

247 2849 324 2904 cesse
348 2861 423 2916 cese,
451 2852 485 2905 ut
508 2847 588 2902 Deus
613 2847 743 2922 perficiat
768 2847 844 2920 quod
872 2844 989 2917 incepit,
1017 2864 1054 2903 ne
1076 2849 1159 2904 aliter

159 2953 172 2964 “v
249 2949 333 3008 quam
352 2931 452 2991 deceat
465 2949 484 2988 a
503 2949 554 2990 suo
573 2934 701 3005 incoepto
718 2933 847 2992 videatur
865 2929 991 2988 deficere.

215 3139 229 3190 1
325 3103 367 3191 5,
416 3135 487 3192 Bos.
521 3133 578 3198 Sed
595 3135 620 3190 si
640 3135 680 3192 ita
697 3142 748 3207 est,
772 3135 884 3195 videtur
902 3136 982 3207 quusi
999 3138 1063 3212 cogi
1079 3137 1157 3195 Deus

247 3221 416 3278 necessitate
444 3219 552 3278 vitandi
579 3221 780 3291 indecentiam,
817 3226 851 3280 ut
882 3220 999 3283 salumin
1027 3229 1160 3294 procuret

152 3337 165 3351 s
213 3305 406 3364 thumanum.
460 3306 604 3376 Quomodo
637 3323 704 3378 ergo
734 3307 832 3380 negari
860 3305 979 3380 poterit,
1011 3309 1077 3380 plus
1105 3307 1158 3364 hoc
