2628 3810
369 281 446 339 oue
463 281 565 338 uuus
581 277 700 336 nomo.
734 279 758 333 1.
778 285 820 336 23.
838 284 880 336 24.
1037 279 1079 346 47

173 453 277 523 reddit,
299 469 363 507 vere
383 451 502 506 iniustus
521 457 571 506 est
607 449 719 506 sivero
737 467 792 504 non
809 453 916 519 poteet,
943 448 1080 519 quomodo

173 539 292 594 iniustus
316 536 377 593 est?
413 538 484 590 Aac.
518 535 647 591 Forsitan
669 536 693 589 si
715 535 793 590 nulle
816 534 846 588 in
867 535 916 589 illo
935 541 978 589 eet
995 535 1115 605 impe-3

172 624 277 680 tentiae
303 639 400 690 cauea,
429 621 604 692 aliquatenus
632 621 755 678 exornari
781 626 881 692 potest.
921 620 977 676 Sed
1001 621 1024 674 ei
1052 620 1081 674 in

174 709 238 780 ipsa
252 707 416 779 impotentia
440 714 483 762 est
501 708 599 778 culpa:
629 707 701 762 sicut
726 723 782 761 non
806 705 911 776 levigat
928 712 1083 782 peceatum,

174 793 215 850 ita
236 810 292 847 non
317 797 433 848 excusat
458 809 515 847 nou
535 792 698 846 reddentem
718 790 852 847 debitum.
887 791 961 848 Nam
977 792 1002 846 ai
1021 792 1083 863 quie
1100 798 1117 848 4
1140 847 1174 884 N

176 878 307 950 iniungat
330 877 445 949 aliquod
467 894 537 948 opus
561 893 641 932 servo
664 894 714 932 suo
740 882 767 932 ot
791 877 946 948 praecipiat
968 876 1023 947 illi,
1047 893 1083 931 ne

178 963 291 1020 deiiciat
310 981 339 1018 se
356 963 386 1018 in
412 963 523 1018 foveam
540 979 624 1034 quam
648 962 689 1016 illi
707 966 884 1030 monstrat,¹)
903 964 978 1020 unde
995 963 1085 1017 nulla·

176 1057 258 1106 tenus
278 1050 352 1106 exire
371 1047 473 1120 poseit3
501 1052 528 1102 et
546 1064 641 1102 servus
660 1046 708 1100 ille
726 1051 905 1100 contemnens
922 1047 1084 1101 mandatum

177 1141 205 1189 et
231 1134 410 1190 monitionem
433 1133 538 1188 domini
559 1133 603 1186 sui
625 1137 723 1201 sponte
740 1146 771 1185 ee
790 1131 819 1185 in
838 1138 1085 1202 praemonstratam

177 1221 269 1275 mittat
292 1219 418 1287 foveam,
443 1224 475 1272 ut
498 1217 658 1272 nullatenus
679 1216 769 1286 possit
786 1216 941 1272 iniunctum
959 1236 1029 1290 opus
1046 1219 1086 1274 ef·

176 1305 272 1360 ficere:
300 1310 420 1376 putasne
444 1302 487 1356 illi
514 1301 691 1372 aliquatenus
719 1301 913 1370 impotentiam
938 1303 1021 1358 istam
1048 1305 1085 1359 ad

177 1393 381 1446 excusationem
409 1388 518 1457 valere,
550 1404 601 1441 eur
631 1404 700 1457 opus
724 1385 879 1441 iniunctum
902 1406 957 1443 non
981 1389 1085 1444 faciat?

178 1478 246 1532 Boe.
280 1475 366 1534 Nullo
392 1474 488 1542 modo,
515 1472 565 1526 sed
591 1471 628 1527 ad
654 1477 835 1543 augmentum
861 1472 953 1541 potine
978 1474 1120 1545 culpae,5

179 1562 310 1632 quoniam
332 1561 393 1630 ipse
418 1557 609 1629 impotentiam
633 1557 710 1612 illam
734 1556 788 1611 eibi
812 1556 888 1611 fecit.
930 1557 1088 1627 Dupliciter

179 1662 299 1718 namque
324 1644 467 1715 peccarit,
495 1643 560 1715 quia
584 1648 612 1698 et
637 1644 712 1714 quod
738 1642 830 1697 iussus
856 1647 899 1696 eet
919 1641 1014 1698 faeere
1031 1661 1087 1700 non

177 1729 253 1799 fecit,
274 1736 301 1786 et
320 1730 396 1802 quod
412 1734 596 1801 praeceptum
616 1735 659 1785 eet
677 1745 713 1784 ne
729 1727 836 1783 faceret
847 1726 922 1783 feeit
953 1729 1024 1783 Aca.
1044 1729 1089 1785 lte
1106 1735 1122 1785 6
1185 1729 1187 1733 ’

180 1811 278 1882 homo,
299 1814 349 1884 qui
372 1830 403 1868 ee
423 1821 523 1887 sponte
541 1815 679 1886 obligavit
702 1813 751 1870 illo
778 1813 872 1869 debito
890 1814 966 1884 quod
983 1815 1089 1872 solvere

182 1915 237 1954 nou
255 1905 356 1968 potest,
372 1908 401 1956 et
418 1917 469 1956 sua
486 1900 571 1971 culpa
589 1900 691 1956 deiecit
710 1895 740 1955 ee
757 1899 787 1956 in
798 1899 871 1955 hanc
889 1899 1089 1971 impotentiam,

181 1987 214 2036 ut
232 1999 283 2038 nec
300 1984 371 2039 illud
384 1986 474 2057 possit
493 1986 600 2041 solvere
618 1986 695 2057 quod
713 1985 836 2042 debebat
854 1992 920 2042 ante
934 1995 1090 2058 peccatum,

181 2067 280 2138 idest,
298 2086 333 2124 ne
351 2079 494 2142 peccaret,
510 2088 562 2127 nec
579 2072 632 2127 hoc
650 2072 727 2142 quod
743 2072 840 2143 debet,
863 2073 930 2144 quia
948 2074 1091 2144 peccavit:

182 2152 379 2210 inexcusabilis
407 2163 457 2212 cet.
501 2155 569 2226 lpea
594 2171 716 2226 namque
743 2156 907 2227 impotentia
933 2158 1019 2229 eulpa
1040 2157 1123 2227 esti

184 2239 251 2311 quia
273 2257 330 2295 non
352 2240 436 2297 debet
456 2257 519 2298 eam
544 2240 662 2311 habere,
687 2240 742 2296 imo
769 2241 853 2296 debet
877 2258 939 2297 eam
965 2259 1021 2297 non
1043 2243 1092 2297 ha·

148 2383 149 2390 ¹
184 2325 266 2397 bere;
301 2342 368 2380 uem
398 2326 471 2381 sieut
499 2326 584 2398 culpa
612 2332 656 2384 eet
684 2342 741 2380 non
769 2324 875 2382 habere
905 2328 980 2399 quod
1010 2327 1115 2394 debet,

183 2411 301 2482 babere,
326 2411 367 2466 ita
393 2409 479 2481 culpe
504 2416 546 2466 eet
567 2410 672 2466 habero
699 2411 775 2483 quod
800 2411 885 2468 debet
910 2431 965 2468 non
980 2412 1092 2470 habere.

185 2497 263 2553 Sicut
294 2515 361 2569 ergo
389 2496 474 2566 culpa
502 2500 545 2551 eet
572 2495 677 2550 homini
706 2513 763 2554 nou
793 2496 897 2552 habere
926 2501 1126 2568 potestatems

184 2581 276 2652 illam,
305 2599 390 2654 quam
420 2581 529 2651 accepit
557 2585 589 2634 ut
615 2587 710 2652 posset
735 2598 833 2638 cavero
859 2589 1021 2652 peecatum,
1051 2585 1092 2640 sic

185 2668 269 2740 eulpa
293 2675 336 2724 eet
357 2666 399 2722 illi
422 2665 525 2720 habere
552 2665 756 2737 impotentiam,
790 2684 847 2738 qua
880 2685 932 2724 nec
958 2669 1093 2726 iustitiam

185 2758 280 2808 tenere
297 2758 326 2808 et
344 2757 493 2824 peecatum
510 2766 621 2822 cavere,
640 2765 694 2806 nec
713 2751 789 2825 quod
807 2769 859 2824 pro
875 2761 992 2825 peccato
1010 2755 1094 2811 debet

186 2837 303 2893 reddere
330 2843 432 2909 potest
480 2835 586 2908 Sponte
611 2850 733 2906 namquo
760 2835 841 2907 fecit,
873 2840 948 2896 unde
971 2839 1127 2912 perdidita

187 2919 265 2976 illam
282 2927 450 2992 potestatem
468 2929 497 2978 et
515 2921 627 2978 devenit
647 2921 677 2975 in
694 2919 768 2976 hene
785 2920 983 2994 impotentiam
1013 2924 1093 2981 Idem

189 3003 263 3060 euim
286 3010 343 3074 eet,
371 3023 428 3063 non
449 3006 555 3064 habere
578 3011 744 3077 potestatem
768 3023 852 3078 quam
876 3009 960 3064 debet
983 3007 1094 3079 meere

189 3093 219 3144 et
242 3085 345 3144 habere
367 3089 559 3164 impotentiam
584 3107 669 3162 quam
694 3091 779 3148 debet
802 3110 859 3148 non
874 3092 986 3149 habore.
1021 3091 1095 3158 Qua·
1114 3101 1146 3154 1⁰

139 3243 144 3250 Ι
190 3179 305 3245 propter
333 3173 497 3246 impotentia
525 3175 661 3238 reddendi
688 3175 751 3232 Deo
782 3177 859 3248 quod
891 3176 988 3248 debet,
1023 3193 1096 3256 quae

262 3327 287 3396 1)
306 3335 443 3382 mouatrat
459 3328 567 3386 Aabe
584 3327 669 3386 Era
686 3360 720 3372 —
737 3330 921 3400 demonstrati

743 3449 753 3484 ι
