<?xml version="1.0" encoding="UTF-8"?>
<!DOCTYPE html PUBLIC "-//W3C//DTD XHTML 1.0 Transitional//EN"
    "http://www.w3.org/TR/xhtml1/DTD/xhtml1-transitional.dtd">
<html xmlns="http://www.w3.org/1999/xhtml" xml:lang="en" lang="en">
 <head>
  <title>
</title>
<meta http-equiv="Content-Type" content="text/html;charset=utf-8" />
  <meta name='ocr-system' content='tesseract 3.04.00' />
  <meta name='ocr-capabilities' content='ocr_page ocr_carea ocr_par ocr_line ocrx_word'/>
</head>
<body>
  <div class='ocr_page' id='page_1' title='image "./sanselmicantuar00laemgoog_0046.png"; bbox 0 0 2628 3810; ppageno 0'>
   <div class='ocr_carea' id='block_1_1' title="bbox 369 261 1090 339">
    <p class='ocr_par' dir='ltr' id='par_1_1' title="bbox 369 261 1090 339">
     <span class='ocr_line' id='line_1_1' title="bbox 369 261 1090 339; baseline 0.018 -12"><span class='ocrx_word' id='word_1_1' title='bbox 369 266 451 328; x_wconf 68' lang='lat' dir='ltr'><strong>etin</strong></span> <span class='ocrx_word' id='word_1_2' title='bbox 469 263 570 328; x_wconf 66' lang='lat' dir='ltr'><strong>Dius</strong></span> <span class='ocrx_word' id='word_1_3' title='bbox 590 261 708 330; x_wconf 67' lang='lat' dir='ltr'><strong>Homo.</strong></span> <span class='ocrx_word' id='word_1_4' title='bbox 744 271 767 328; x_wconf 87' lang='lat'><strong>1.</strong></span> <span class='ocrx_word' id='word_1_5' title='bbox 788 263 827 328; x_wconf 78' lang='lat' dir='ltr'><strong>io.</strong></span> <span class='ocrx_word' id='word_1_6' title='bbox 845 263 909 328; x_wconf 50' lang='lat'><strong>¹11!</strong></span> <span class='ocrx_word' id='word_1_7' title='bbox 1038 268 1090 339; x_wconf 61' lang='grc' dir='ltr'><strong><em>Ἃ</em></strong></span> 
     </span>
    </p>
   </div>
   <div class='ocr_carea' id='block_1_2' title="bbox 113 427 1164 3247">
    <p class='ocr_par' dir='ltr' id='par_1_2' title="bbox 113 427 1164 1969">
     <span class='ocr_line' id='line_1_2' title="bbox 177 427 1082 514; baseline -0.003 -16"><span class='ocrx_word' id='word_1_8' title='bbox 177 428 314 514; x_wconf 72' lang='lat' dir='ltr'><strong>epartius,</strong></span> <span class='ocrx_word' id='word_1_9' title='bbox 337 440 415 512; x_wconf 85' lang='lat' dir='ltr'><strong>prius</strong></span> <span class='ocrx_word' id='word_1_10' title='bbox 438 442 595 511; x_wconf 68' lang='lat' dir='ltr'><strong>rideamus,</strong></span> <span class='ocrx_word' id='word_1_11' title='bbox 615 441 683 514; x_wconf 83' lang='lat' dir='ltr'><strong>quid</strong></span> <span class='ocrx_word' id='word_1_12' title='bbox 706 441 744 496; x_wconf 81' lang='lat' dir='ltr'><strong>sit</strong></span> <span class='ocrx_word' id='word_1_13' title='bbox 764 427 883 512; x_wconf 77' lang='lat' dir='ltr'><strong>peccare</strong></span> <span class='ocrx_word' id='word_1_14' title='bbox 901 445 930 497; x_wconf 88' lang='lat' dir='ltr'><strong>et</strong></span> <span class='ocrx_word' id='word_1_15' title='bbox 946 440 1015 512; x_wconf 67' lang='lat' dir='ltr'><strong>(fuid</strong></span> <span class='ocrx_word' id='word_1_16' title='bbox 1031 451 1082 512; x_wconf 76' lang='lat' dir='ltr'><strong>pie</strong></span> 
     </span>
     <span class='ocr_line' id='line_1_3' title="bbox 176 519 1087 600; baseline 0 -18"><span class='ocrx_word' id='word_1_17' title='bbox 176 533 293 600; x_wconf 88' lang='lat' dir='ltr'><strong>peccato</strong></span> <span class='ocrx_word' id='word_1_18' title='bbox 311 523 478 583; x_wconf 70' lang='lat' dir='ltr'><strong>satisfacere.</strong></span> <span class='ocrx_word' id='word_1_19' title='bbox 509 531 577 583; x_wconf 83' lang='lat' dir='ltr'><strong>Bos.</strong></span> <span class='ocrx_word' id='word_1_20' title='bbox 595 527 751 584; x_wconf 71' lang='lat' dir='ltr'><strong>&#39;lirumest</strong></span> <span class='ocrx_word' id='word_1_21' title='bbox 768 528 926 597; x_wconf 70' lang='lat' dir='ltr'>ostendere,</span> <span class='ocrx_word' id='word_1_22' title='bbox 944 534 973 583; x_wconf 87' lang='lat' dir='ltr'><strong>et</strong></span> <span class='ocrx_word' id='word_1_23' title='bbox 990 519 1087 582; x_wconf 62' lang='lat' dir='ltr'><strong>meumf</strong></span> 
     </span>
     <span class='ocr_line' id='line_1_4' title="bbox 177 611 1115 687; baseline -0.005 -18"><span class='ocrx_word' id='word_1_24' title='bbox 177 613 329 670; x_wconf 85' lang='lat' dir='ltr'><strong>intendere.</strong></span> <span class='ocrx_word' id='word_1_25' title='bbox 363 615 433 669; x_wconf 74' lang='lat' dir='ltr'><strong>Am.</strong></span> <span class='ocrx_word' id='word_1_26' title='bbox 466 613 497 670; x_wconf 83' lang='lat' dir='ltr'><strong>Si</strong></span> <span class='ocrx_word' id='word_1_27' title='bbox 520 611 637 687; x_wconf 77' lang='lat' dir='ltr'><strong>angelus</strong></span> <span class='ocrx_word' id='word_1_28' title='bbox 665 614 797 670; x_wconf 79' lang='lat' dir='ltr'><strong>ethome</strong></span> <span class='ocrx_word' id='word_1_29' title='bbox 821 631 928 685; x_wconf 77' lang='lat' dir='ltr'><strong>semper</strong></span> <span class='ocrx_word' id='word_1_30' title='bbox 952 613 1115 670; x_wconf 75' lang='lat' dir='ltr'><strong>reddereti</strong></span> 
     </span>
     <span class='ocr_line' id='line_1_5' title="bbox 177 699 1115 777; baseline -0.004 -21"><span class='ocrx_word' id='word_1_31' title='bbox 177 699 240 756; x_wconf 89' lang='lat' dir='ltr'><strong>Deo</strong></span> <span class='ocrx_word' id='word_1_32' title='bbox 258 699 334 771; x_wconf 90' lang='lat' dir='ltr'><strong>quod</strong></span> <span class='ocrx_word' id='word_1_33' title='bbox 351 700 442 764; x_wconf 86' lang='lat' dir='ltr'><strong>debet,</strong></span> <span class='ocrx_word' id='word_1_34' title='bbox 460 717 604 770; x_wconf 82' lang='lat' dir='ltr'><strong>nunquam</strong></span> <span class='ocrx_word' id='word_1_35' title='bbox 619 705 757 770; x_wconf 75' lang='lat' dir='ltr'><strong>peccaret.</strong></span> <span class='ocrx_word' id='word_1_36' title='bbox 792 703 862 755; x_wconf 82' lang='lat' dir='ltr'><strong>Boe.</strong></span> <span class='ocrx_word' id='word_1_37' title='bbox 883 700 1082 770; x_wconf 86' lang='lat' dir='ltr'><strong>Nequeocon-</strong></span> <span class='ocrx_word' id='word_1_38' title='bbox 1097 767 1115 777; x_wconf 10' lang='grc' dir='ltr'><strong>,Ἰ</strong></span> 
     </span>
     <span class='ocr_line' id='line_1_6' title="bbox 174 779 1115 857; baseline -0.004 -17"><span class='ocrx_word' id='word_1_39' title='bbox 174 779 322 842; x_wconf 78' lang='lat' dir='ltr'><strong>tradidere.</strong></span> <span class='ocrx_word' id='word_1_40' title='bbox 364 788 433 840; x_wconf 82' lang='lat' dir='ltr'><strong>Ana</strong></span> <span class='ocrx_word' id='word_1_41' title='bbox 465 786 531 841; x_wconf 88' lang='lat' dir='ltr'><strong>Non</strong></span> <span class='ocrx_word' id='word_1_42' title='bbox 555 790 605 840; x_wconf 73' lang='lat' dir='ltr'><strong>est&#39;</strong></span> <span class='ocrx_word' id='word_1_43' title='bbox 622 785 719 857; x_wconf 87' lang='lat' dir='ltr'><strong>itaque</strong></span> <span class='ocrx_word' id='word_1_44' title='bbox 742 787 819 840; x_wconf 90' lang='lat' dir='ltr'><strong>aliud</strong></span> <span class='ocrx_word' id='word_1_45' title='bbox 842 801 974 857; x_wconf 80' lang='lat' dir='ltr'><strong>peccare,</strong></span> <span class='ocrx_word' id='word_1_46' title='bbox 999 785 1115 854; x_wconf 85' lang='lat' dir='ltr'><strong>quam3</strong></span> 
     </span>
     <span class='ocr_line' id='line_1_7' title="bbox 113 869 1081 936; baseline -0.005 -9"><span class='ocrx_word' id='word_1_47' title='bbox 113 912 116 918; x_wconf 78' lang='lat'><em>.</em></span> <span class='ocrx_word' id='word_1_48' title='bbox 177 873 240 927; x_wconf 86' lang='lat' dir='ltr'><strong>Deo</strong></span> <span class='ocrx_word' id='word_1_49' title='bbox 267 887 322 925; x_wconf 90' lang='lat' dir='ltr'><strong>non</strong></span> <span class='ocrx_word' id='word_1_50' title='bbox 345 871 460 926; x_wconf 79' lang='lat' dir='ltr'><strong>reddere</strong></span> <span class='ocrx_word' id='word_1_51' title='bbox 489 869 622 926; x_wconf 86' lang='lat' dir='ltr'><strong>debitum.</strong></span> <span class='ocrx_word' id='word_1_52' title='bbox 658 870 726 926; x_wconf 80' lang='lat' dir='ltr'><strong>Bos.</strong></span> <span class='ocrx_word' id='word_1_53' title='bbox 762 871 836 936; x_wconf 79' lang='lat' dir='ltr'><strong>Quid</strong></span> <span class='ocrx_word' id='word_1_54' title='bbox 860 875 903 926; x_wconf 84' lang='lat' dir='ltr'><strong>est</strong></span> <span class='ocrx_word' id='word_1_55' title='bbox 923 869 1081 935; x_wconf 81' lang='lat' dir='ltr'><strong>debitum1)</strong></span> 
     </span>
     <span class='ocr_line' id='line_1_8' title="bbox 177 952 1117 1031; baseline -0.003 -21"><span class='ocrx_word' id='word_1_56' title='bbox 177 956 254 1031; x_wconf 73' lang='lat' dir='ltr'><strong>quod</strong></span> <span class='ocrx_word' id='word_1_57' title='bbox 280 955 340 1011; x_wconf 90' lang='lat' dir='ltr'><strong>Deo</strong></span> <span class='ocrx_word' id='word_1_58' title='bbox 367 955 520 1012; x_wconf 78' lang='lat' dir='ltr'><strong>debemus?</strong></span> <span class='ocrx_word' id='word_1_59' title='bbox 555 957 625 1014; x_wconf 74' lang='lat' dir='ltr'><strong>Aac.</strong></span> <span class='ocrx_word' id='word_1_60' title='bbox 662 957 759 1012; x_wconf 81' lang='lat' dir='ltr'><strong>Omnis</strong></span> <span class='ocrx_word' id='word_1_61' title='bbox 784 956 912 1012; x_wconf 85' lang='lat' dir='ltr'><strong>voluntas</strong></span> <span class='ocrx_word' id='word_1_62' title='bbox 938 952 1117 1009; x_wconf 76' lang='lat' dir='ltr'><strong>rationaiist</strong></span> 
     </span>
     <span class='ocr_line' id='line_1_9' title="bbox 177 1037 1107 1124; baseline -0.003 -29"><span class='ocrx_word' id='word_1_63' title='bbox 177 1045 321 1096; x_wconf 78' lang='lat' dir='ltr'><strong>ereaturae</strong></span> <span class='ocrx_word' id='word_1_64' title='bbox 337 1041 464 1124; x_wconf 74' lang='lat' dir='ltr'><strong>subiecta</strong></span> <span class='ocrx_word' id='word_1_65' title='bbox 482 1041 566 1097; x_wconf 87' lang='lat' dir='ltr'><strong>debet</strong></span> <span class='ocrx_word' id='word_1_66' title='bbox 582 1059 643 1098; x_wconf 87' lang='lat' dir='ltr'><strong>esse</strong></span> <span class='ocrx_word' id='word_1_67' title='bbox 660 1042 797 1098; x_wconf 81' lang='lat' dir='ltr'><strong>voluntati</strong></span> <span class='ocrx_word' id='word_1_68' title='bbox 814 1043 885 1099; x_wconf 79' lang='lat' dir='ltr'><strong>Dei·</strong></span> <span class='ocrx_word' id='word_1_69' title='bbox 912 1043 982 1096; x_wconf 81' lang='lat' dir='ltr'><strong>Boe.</strong></span> <span class='ocrx_word' id='word_1_70' title='bbox 1005 1037 1083 1095; x_wconf 78' lang='lat' dir='ltr'><strong>Nihil</strong></span> <span class='ocrx_word' id='word_1_71' title='bbox 1105 1045 1107 1048; x_wconf 83' lang='lat'>&#39;</span> 
     </span>
     <span class='ocr_line' id='line_1_10' title="bbox 177 1125 1116 1200; baseline 0.001 -21"><span class='ocrx_word' id='word_1_72' title='bbox 177 1126 277 1182; x_wconf 73' lang='lat' dir='ltr'><strong>terius.</strong></span> <span class='ocrx_word' id='word_1_73' title='bbox 311 1128 380 1182; x_wconf 79' lang='lat' dir='ltr'><strong>Aoo.</strong></span> <span class='ocrx_word' id='word_1_74' title='bbox 410 1125 473 1182; x_wconf 88' lang='lat' dir='ltr'><strong>Hoc</strong></span> <span class='ocrx_word' id='word_1_75' title='bbox 497 1133 538 1182; x_wconf 81' lang='lat' dir='ltr'><strong>cst</strong></span> <span class='ocrx_word' id='word_1_76' title='bbox 562 1127 688 1182; x_wconf 83' lang='lat' dir='ltr'><strong>debitum</strong></span> <span class='ocrx_word' id='word_1_77' title='bbox 713 1129 789 1200; x_wconf 84' lang='lat' dir='ltr'><strong>quod</strong></span> <span class='ocrx_word' id='word_1_78' title='bbox 811 1129 898 1184; x_wconf 83' lang='lat' dir='ltr'><strong>debet</strong></span> <span class='ocrx_word' id='word_1_79' title='bbox 920 1127 1036 1197; x_wconf 79' lang='lat' dir='ltr'><strong>augelus</strong></span> <span class='ocrx_word' id='word_1_80' title='bbox 1055 1129 1116 1180; x_wconf 82' lang='lat' dir='ltr'><strong>eto</strong></span> 
     </span>
     <span class='ocr_line' id='line_1_11' title="bbox 177 1209 1083 1286; baseline -0.002 -20"><span class='ocrx_word' id='word_1_81' title='bbox 177 1211 259 1269; x_wconf 82' lang='lat' dir='ltr'><strong>homo</strong></span> <span class='ocrx_word' id='word_1_82' title='bbox 277 1212 347 1280; x_wconf 90' lang='lat' dir='ltr'><strong>Deo,</strong></span> <span class='ocrx_word' id='word_1_83' title='bbox 366 1212 440 1284; x_wconf 86' lang='lat' dir='ltr'><strong>quod</strong></span> <span class='ocrx_word' id='word_1_84' title='bbox 457 1211 591 1267; x_wconf 85' lang='lat' dir='ltr'><strong>solvendo</strong></span> <span class='ocrx_word' id='word_1_85' title='bbox 606 1213 701 1268; x_wconf 87' lang='lat' dir='ltr'><strong>nullus</strong></span> <span class='ocrx_word' id='word_1_86' title='bbox 717 1220 831 1284; x_wconf 71' lang='lat' dir='ltr'><strong>peccat,</strong></span> <span class='ocrx_word' id='word_1_87' title='bbox 855 1215 884 1268; x_wconf 85' lang='lat' dir='ltr'><strong>et</strong></span> <span class='ocrx_word' id='word_1_88' title='bbox 901 1209 976 1286; x_wconf 88' lang='lat' dir='ltr'><strong>quod</strong></span> <span class='ocrx_word' id='word_1_89' title='bbox 994 1211 1083 1268; x_wconf 86' lang='lat' dir='ltr'><strong>omnis</strong></span> 
     </span>
     <span class='ocr_line' id='line_1_12' title="bbox 178 1295 1082 1369; baseline 0 -17"><span class='ocrx_word' id='word_1_90' title='bbox 178 1296 227 1368; x_wconf 85' lang='lat' dir='ltr'><strong>qui</strong></span> <span class='ocrx_word' id='word_1_91' title='bbox 243 1313 299 1355; x_wconf 85' lang='lat' dir='ltr'><strong>non</strong></span> <span class='ocrx_word' id='word_1_92' title='bbox 318 1297 414 1367; x_wconf 76' lang='lat' dir='ltr'><strong>solvit,</strong></span> <span class='ocrx_word' id='word_1_93' title='bbox 440 1305 546 1367; x_wconf 89' lang='lat' dir='ltr'><strong>peccat.</strong></span> <span class='ocrx_word' id='word_1_94' title='bbox 581 1297 659 1369; x_wconf 85' lang='lat' dir='ltr'><strong>Haec</strong></span> <span class='ocrx_word' id='word_1_95' title='bbox 683 1303 726 1353; x_wconf 89' lang='lat' dir='ltr'><strong>est</strong></span> <span class='ocrx_word' id='word_1_96' title='bbox 742 1297 850 1352; x_wconf 86' lang='lat' dir='ltr'><strong>iustitia</strong></span> <span class='ocrx_word' id='word_1_97' title='bbox 869 1300 928 1356; x_wconf 79' lang='lat' dir='ltr'><strong>sire</strong></span> <span class='ocrx_word' id='word_1_98' title='bbox 944 1295 1082 1354; x_wconf 76' lang='lat' dir='ltr'><strong>rectitudo</strong></span> 
     </span>
     <span class='ocr_line' id='line_1_13' title="bbox 177 1381 1082 1453; baseline -0.003 -17"><span class='ocrx_word' id='word_1_99' title='bbox 177 1383 339 1452; x_wconf 72' lang='lat' dir='ltr'><strong>voluntatis,</strong></span> <span class='ocrx_word' id='word_1_100' title='bbox 373 1399 446 1453; x_wconf 84' lang='lat' dir='ltr'><strong>quae</strong></span> <span class='ocrx_word' id='word_1_101' title='bbox 469 1383 557 1438; x_wconf 86' lang='lat' dir='ltr'><strong>iustos</strong></span> <span class='ocrx_word' id='word_1_102' title='bbox 584 1382 654 1438; x_wconf 86' lang='lat' dir='ltr'><strong>facit</strong></span> <span class='ocrx_word' id='word_1_103' title='bbox 683 1382 742 1438; x_wconf 84' lang='lat' dir='ltr'><strong>sive</strong></span> <span class='ocrx_word' id='word_1_104' title='bbox 772 1386 861 1438; x_wconf 85' lang='lat' dir='ltr'><strong>rectos</strong></span> <span class='ocrx_word' id='word_1_105' title='bbox 891 1383 988 1450; x_wconf 84' lang='lat' dir='ltr'><strong>corde,</strong></span> <span class='ocrx_word' id='word_1_106' title='bbox 1015 1381 1032 1434; x_wconf 90' lang='lat' dir='ltr'><strong>i.</strong></span> <span class='ocrx_word' id='word_1_107' title='bbox 1045 1390 1082 1434; x_wconf 89' lang='lat' dir='ltr'><strong>·e.</strong></span> 
     </span>
     <span class='ocr_line' id='line_1_14' title="bbox 179 1465 1082 1540; baseline -0.003 -18"><span class='ocrx_word' id='word_1_108' title='bbox 179 1468 336 1535; x_wconf 73' lang='lat' dir='ltr'><strong>voluntate;</strong></span> <span class='ocrx_word' id='word_1_109' title='bbox 361 1466 406 1521; x_wconf 90' lang='lat' dir='ltr'><strong>hic</strong></span> <span class='ocrx_word' id='word_1_110' title='bbox 428 1471 471 1523; x_wconf 89' lang='lat' dir='ltr'><strong>cst</strong></span> <span class='ocrx_word' id='word_1_111' title='bbox 494 1467 568 1524; x_wconf 88' lang='lat' dir='ltr'><strong>solus</strong></span> <span class='ocrx_word' id='word_1_112' title='bbox 593 1473 621 1523; x_wconf 91' lang='lat' dir='ltr'><strong>et</strong></span> <span class='ocrx_word' id='word_1_113' title='bbox 645 1474 721 1523; x_wconf 86' lang='lat' dir='ltr'><strong>totus</strong></span> <span class='ocrx_word' id='word_1_114' title='bbox 745 1467 832 1523; x_wconf 86' lang='lat' dir='ltr'><strong>honor</strong></span> <span class='ocrx_word' id='word_1_115' title='bbox 851 1482 932 1540; x_wconf 88' lang='lat' dir='ltr'><strong>quem</strong></span> <span class='ocrx_word' id='word_1_116' title='bbox 951 1465 1082 1521; x_wconf 80' lang='lat' dir='ltr'><strong>debemus</strong></span> 
     </span>
     <span class='ocr_line' id='line_1_15' title="bbox 178 1547 1117 1632; baseline -0.005 -22"><span class='ocrx_word' id='word_1_117' title='bbox 178 1553 251 1624; x_wconf 86' lang='lat' dir='ltr'><strong>Deo,</strong></span> <span class='ocrx_word' id='word_1_118' title='bbox 274 1559 303 1609; x_wconf 88' lang='lat' dir='ltr'><strong>at</strong></span> <span class='ocrx_word' id='word_1_119' title='bbox 326 1567 408 1624; x_wconf 89' lang='lat' dir='ltr'><strong>quem</strong></span> <span class='ocrx_word' id='word_1_120' title='bbox 432 1554 552 1608; x_wconf 84' lang='lat' dir='ltr'><strong>anobis</strong></span> <span class='ocrx_word' id='word_1_121' title='bbox 575 1553 661 1625; x_wconf 81' lang='lat' dir='ltr'><strong>exigit</strong></span> <span class='ocrx_word' id='word_1_122' title='bbox 676 1553 760 1632; x_wconf 80' lang='lat' dir='ltr'><strong>Deus.</strong></span> <span class='ocrx_word' id='word_1_123' title='bbox 796 1553 861 1610; x_wconf 75' lang='lat' dir='ltr'><strong>Sola</strong></span> <span class='ocrx_word' id='word_1_124' title='bbox 881 1555 1001 1622; x_wconf 73' lang='lat' dir='ltr'><strong>namque</strong></span> <span class='ocrx_word' id='word_1_125' title='bbox 1017 1549 1083 1606; x_wconf 80' lang='lat' dir='ltr'><strong>talis</strong></span> <span class='ocrx_word' id='word_1_126' title='bbox 1101 1547 1117 1599; x_wconf 84' lang='grc'>6</span> 
     </span>
     <span class='ocr_line' id='line_1_16' title="bbox 177 1637 1123 1710; baseline -0.001 -17"><span class='ocrx_word' id='word_1_127' title='bbox 177 1639 322 1709; x_wconf 61' lang='lat' dir='ltr'><strong>voluutasv</strong></span> <span class='ocrx_word' id='word_1_128' title='bbox 340 1657 426 1710; x_wconf 88' lang='lat' dir='ltr'><strong>opera·</strong></span> <span class='ocrx_word' id='word_1_129' title='bbox 454 1639 523 1694; x_wconf 85' lang='lat' dir='ltr'><strong>iacit</strong></span> <span class='ocrx_word' id='word_1_130' title='bbox 559 1639 664 1710; x_wconf 78' lang='lat' dir='ltr'><strong>placite</strong></span> <span class='ocrx_word' id='word_1_131' title='bbox 694 1637 772 1708; x_wconf 86' lang='lat' dir='ltr'><strong>Deo,</strong></span> <span class='ocrx_word' id='word_1_132' title='bbox 804 1647 868 1693; x_wconf 80' lang='lat' dir='ltr'><strong>oum</strong></span> <span class='ocrx_word' id='word_1_133' title='bbox 898 1638 990 1710; x_wconf 79' lang='lat' dir='ltr'><strong>petest</strong></span> <span class='ocrx_word' id='word_1_134' title='bbox 1019 1639 1084 1707; x_wconf 60' lang='lat' dir='ltr'><strong>epe</strong></span> <span class='ocrx_word' id='word_1_135' title='bbox 1121 1701 1123 1708; x_wconf 33' lang='grc' dir='ltr'>Ι</span> 
     </span>
     <span class='ocr_line' id='line_1_17' title="bbox 179 1724 1164 1810; baseline -0.005 -29"><span class='ocrx_word' id='word_1_136' title='bbox 179 1727 252 1795; x_wconf 80' lang='lat' dir='ltr'><strong>rari3</strong></span> <span class='ocrx_word' id='word_1_137' title='bbox 283 1731 404 1781; x_wconf 86' lang='lat' dir='ltr'><strong>etcum</strong></span> <span class='ocrx_word' id='word_1_138' title='bbox 432 1741 488 1780; x_wconf 89' lang='lat' dir='ltr'><strong>non</strong></span> <span class='ocrx_word' id='word_1_139' title='bbox 517 1729 623 1797; x_wconf 82' lang='lat' dir='ltr'><strong>potest,</strong></span> <span class='ocrx_word' id='word_1_140' title='bbox 651 1725 714 1810; x_wconf 58' lang='lat' dir='ltr'><strong>ipsa</strong></span> <span class='ocrx_word' id='word_1_141' title='bbox 746 1725 805 1794; x_wconf 78' lang='lat' dir='ltr'><strong>sola</strong></span> <span class='ocrx_word' id='word_1_142' title='bbox 822 1735 886 1810; x_wconf 65' lang='lat' dir='ltr'><strong>per</strong></span> <span class='ocrx_word' id='word_1_143' title='bbox 922 1740 951 1779; x_wconf 88' lang='lat' dir='ltr'><strong>se</strong></span> <span class='ocrx_word' id='word_1_144' title='bbox 983 1724 1084 1802; x_wconf 87' lang='lat' dir='ltr'><strong>placat,</strong></span> <span class='ocrx_word' id='word_1_145' title='bbox 1128 1741 1164 1755; x_wconf 60' lang='grc'><strong>*-</strong></span> 
     </span>
     <span class='ocr_line' id='line_1_18' title="bbox 181 1805 1085 1882; baseline -0.001 -17"><span class='ocrx_word' id='word_1_146' title='bbox 181 1812 247 1882; x_wconf 85' lang='lat' dir='ltr'><strong>quia</strong></span> <span class='ocrx_word' id='word_1_147' title='bbox 274 1812 382 1866; x_wconf 89' lang='lat' dir='ltr'><strong>nullum</strong></span> <span class='ocrx_word' id='word_1_148' title='bbox 411 1828 481 1882; x_wconf 82' lang='lat' dir='ltr'><strong>opus</strong></span> <span class='ocrx_word' id='word_1_149' title='bbox 519 1812 579 1868; x_wconf 89' lang='lat' dir='ltr'><strong>sine</strong></span> <span class='ocrx_word' id='word_1_150' title='bbox 608 1811 659 1866; x_wconf 87' lang='lat' dir='ltr'><strong>iila</strong></span> <span class='ocrx_word' id='word_1_151' title='bbox 689 1809 788 1882; x_wconf 84' lang='lat' dir='ltr'><strong>placet.</strong></span> <span class='ocrx_word' id='word_1_152' title='bbox 839 1805 924 1866; x_wconf 86' lang='lat' dir='ltr'><strong>Hunc</strong></span> <span class='ocrx_word' id='word_1_153' title='bbox 954 1809 1085 1864; x_wconf 77' lang='lat' dir='ltr'><strong>honoiem</strong></span> 
     </span>
     <span class='ocr_line' id='line_1_19' title="bbox 181 1895 1087 1969; baseline 0 -19"><span class='ocrx_word' id='word_1_154' title='bbox 181 1895 306 1952; x_wconf 86' lang='lat' dir='ltr'><strong>debitum</strong></span> <span class='ocrx_word' id='word_1_155' title='bbox 349 1897 397 1969; x_wconf 88' lang='lat' dir='ltr'><strong>qui</strong></span> <span class='ocrx_word' id='word_1_156' title='bbox 434 1898 496 1953; x_wconf 92' lang='lat' dir='ltr'><strong>Deo</strong></span> <span class='ocrx_word' id='word_1_157' title='bbox 539 1914 596 1952; x_wconf 88' lang='lat' dir='ltr'><strong>non</strong></span> <span class='ocrx_word' id='word_1_158' title='bbox 637 1897 744 1967; x_wconf 85' lang='lat' dir='ltr'><strong>reddit,</strong></span> <span class='ocrx_word' id='word_1_159' title='bbox 785 1897 878 1952; x_wconf 77' lang='lat' dir='ltr'><strong>aufert</strong></span> <span class='ocrx_word' id='word_1_160' title='bbox 913 1896 975 1951; x_wconf 83' lang='lat' dir='ltr'><strong>Deo</strong></span> <span class='ocrx_word' id='word_1_161' title='bbox 1011 1895 1087 1966; x_wconf 84' lang='lat' dir='ltr'><strong>quod</strong></span> 
     </span>
    </p>

    <p class='ocr_par' dir='ltr' id='par_1_3' title="bbox 125 1977 1157 3247">
     <span class='ocr_line' id='line_1_20' title="bbox 125 1977 1086 2052; baseline -0.001 -18"><span class='ocrx_word' id='word_1_162' title='bbox 125 1977 127 1982; x_wconf 81' lang='lat'>&#39;</span> <span class='ocrx_word' id='word_1_163' title='bbox 182 1987 263 2035; x_wconf 76' lang='lat' dir='ltr'><strong>iuram</strong></span> <span class='ocrx_word' id='word_1_164' title='bbox 293 1987 351 2052; x_wconf 85' lang='lat' dir='ltr'><strong>est,</strong></span> <span class='ocrx_word' id='word_1_165' title='bbox 378 1989 407 2039; x_wconf 87' lang='lat' dir='ltr'><strong>ct</strong></span> <span class='ocrx_word' id='word_1_166' title='bbox 434 1983 526 2040; x_wconf 86' lang='lat' dir='ltr'><strong>Deum</strong></span> <span class='ocrx_word' id='word_1_167' title='bbox 558 1982 723 2050; x_wconf 58' lang='lat' dir='ltr'><strong>exhonorem</strong></span> <span class='ocrx_word' id='word_1_168' title='bbox 754 1987 783 2038; x_wconf 90' lang='lat' dir='ltr'><strong>et</strong></span> <span class='ocrx_word' id='word_1_169' title='bbox 813 1979 935 2038; x_wconf 82' lang='lat' dir='ltr'><strong>hoc-est</strong></span> <span class='ocrx_word' id='word_1_170' title='bbox 961 1987 1086 2052; x_wconf 85' lang='lat' dir='ltr'><strong>peccare.</strong></span> 
     </span>
     <span class='ocr_line' id='line_1_21' title="bbox 181 2063 1118 2140; baseline 0 -20"><span class='ocrx_word' id='word_1_171' title='bbox 181 2066 321 2130; x_wconf 81' lang='lat' dir='ltr'><strong>Quamdiu</strong></span> <span class='ocrx_word' id='word_1_172' title='bbox 338 2076 430 2125; x_wconf 83' lang='lat' dir='ltr'><strong>autem</strong></span> <span class='ocrx_word' id='word_1_173' title='bbox 447 2087 503 2125; x_wconf 89' lang='lat' dir='ltr'><strong>non</strong></span> <span class='ocrx_word' id='word_1_174' title='bbox 521 2067 604 2124; x_wconf 83' lang='lat' dir='ltr'><strong>solvit</strong></span> <span class='ocrx_word' id='word_1_175' title='bbox 623 2067 698 2140; x_wconf 88' lang='lat' dir='ltr'><strong>quod</strong></span> <span class='ocrx_word' id='word_1_176' title='bbox 714 2067 816 2139; x_wconf 83' lang='lat' dir='ltr'><strong>rapuit,</strong></span> <span class='ocrx_word' id='word_1_177' title='bbox 833 2074 927 2123; x_wconf 86' lang='lat' dir='ltr'><strong>manet</strong></span> <span class='ocrx_word' id='word_1_178' title='bbox 945 2065 1086 2137; x_wconf 70' lang='lat' dir='ltr'><strong>inculpa:</strong></span> <span class='ocrx_word' id='word_1_179' title='bbox 1104 2063 1118 2112; x_wconf 73' lang='lat' dir='ltr'><strong>i</strong></span> 
     </span>
     <span class='ocr_line' id='line_1_22' title="bbox 180 2153 1087 2224; baseline 0 -17"><span class='ocrx_word' id='word_1_180' title='bbox 180 2165 233 2208; x_wconf 85' lang='lat' dir='ltr'><strong>neo</strong></span> <span class='ocrx_word' id='word_1_181' title='bbox 257 2153 361 2208; x_wconf 80' lang='lat' dir='ltr'><strong>sufficit</strong></span> <span class='ocrx_word' id='word_1_182' title='bbox 383 2154 555 2209; x_wconf 82' lang='lat' dir='ltr'><strong>solummodo</strong></span> <span class='ocrx_word' id='word_1_183' title='bbox 579 2153 695 2209; x_wconf 86' lang='lat' dir='ltr'><strong>reddere</strong></span> <span class='ocrx_word' id='word_1_184' title='bbox 716 2153 790 2224; x_wconf 89' lang='lat' dir='ltr'><strong>quod</strong></span> <span class='ocrx_word' id='word_1_185' title='bbox 808 2153 933 2208; x_wconf 88' lang='lat' dir='ltr'><strong>ablatum</strong></span> <span class='ocrx_word' id='word_1_186' title='bbox 952 2159 1011 2222; x_wconf 87' lang='lat' dir='ltr'><strong>est,</strong></span> <span class='ocrx_word' id='word_1_187' title='bbox 1037 2153 1087 2208; x_wconf 89' lang='lat' dir='ltr'><strong>sed</strong></span> 
     </span>
     <span class='ocr_line' id='line_1_23' title="bbox 181 2236 1084 2310; baseline 0 -16"><span class='ocrx_word' id='word_1_188' title='bbox 181 2251 233 2310; x_wconf 82' lang='lat' dir='ltr'><strong>pro</strong></span> <span class='ocrx_word' id='word_1_189' title='bbox 250 2239 415 2295; x_wconf 79' lang='lat' dir='ltr'><strong>contumelia</strong></span> <span class='ocrx_word' id='word_1_190' title='bbox 434 2239 513 2294; x_wconf 83' lang='lat' dir='ltr'><strong>illata</strong></span> <span class='ocrx_word' id='word_1_191' title='bbox 530 2239 593 2310; x_wconf 90' lang='lat' dir='ltr'><strong>pius</strong></span> <span class='ocrx_word' id='word_1_192' title='bbox 614 2238 697 2294; x_wconf 89' lang='lat' dir='ltr'><strong>debet</strong></span> <span class='ocrx_word' id='word_1_193' title='bbox 716 2237 841 2307; x_wconf 82' lang='lat' dir='ltr'><strong>reddere,</strong></span> <span class='ocrx_word' id='word_1_194' title='bbox 859 2253 943 2310; x_wconf 87' lang='lat' dir='ltr'><strong>quam</strong></span> <span class='ocrx_word' id='word_1_195' title='bbox 961 2236 1084 2295; x_wconf 81' lang='lat' dir='ltr'><strong>abstulit.</strong></span> 
     </span>
     <span class='ocr_line' id='line_1_24' title="bbox 182 2321 1119 2395; baseline -0.01 -14"><span class='ocrx_word' id='word_1_196' title='bbox 182 2323 262 2381; x_wconf 81' lang='lat' dir='ltr'><strong>Sicut</strong></span> <span class='ocrx_word' id='word_1_197' title='bbox 285 2322 359 2378; x_wconf 89' lang='lat' dir='ltr'><strong>enim</strong></span> <span class='ocrx_word' id='word_1_198' title='bbox 381 2325 429 2395; x_wconf 89' lang='lat' dir='ltr'><strong>qui</strong></span> <span class='ocrx_word' id='word_1_199' title='bbox 450 2325 538 2380; x_wconf 82' lang='lat' dir='ltr'><strong>laedit</strong></span> <span class='ocrx_word' id='word_1_200' title='bbox 563 2324 681 2380; x_wconf 88' lang='lat' dir='ltr'><strong>salutem</strong></span> <span class='ocrx_word' id='word_1_201' title='bbox 706 2321 833 2392; x_wconf 82' lang='lat' dir='ltr'><strong>alterius,</strong></span> <span class='ocrx_word' id='word_1_202' title='bbox 859 2341 914 2380; x_wconf 90' lang='lat' dir='ltr'><strong>non</strong></span> <span class='ocrx_word' id='word_1_203' title='bbox 940 2322 1043 2378; x_wconf 87' lang='lat' dir='ltr'><strong>sufficit</strong></span> <span class='ocrx_word' id='word_1_204' title='bbox 1062 2323 1119 2378; x_wconf 88' lang='lat' dir='ltr'><strong>si8</strong></span> 
     </span>
     <span class='ocr_line' id='line_1_25' title="bbox 182 2409 1086 2481; baseline -0.001 -17"><span class='ocrx_word' id='word_1_205' title='bbox 182 2409 301 2465; x_wconf 85' lang='lat' dir='ltr'><strong>salutem</strong></span> <span class='ocrx_word' id='word_1_206' title='bbox 323 2409 455 2478; x_wconf 85' lang='lat' dir='ltr'><strong>restituit,</strong></span> <span class='ocrx_word' id='word_1_207' title='bbox 479 2411 535 2464; x_wconf 86' lang='lat' dir='ltr'><strong>nisi</strong></span> <span class='ocrx_word' id='word_1_208' title='bbox 556 2426 607 2481; x_wconf 84' lang='lat' dir='ltr'><strong>pro</strong></span> <span class='ocrx_word' id='word_1_209' title='bbox 632 2409 711 2464; x_wconf 86' lang='lat' dir='ltr'><strong>illata</strong></span> <span class='ocrx_word' id='word_1_210' title='bbox 738 2409 840 2464; x_wconf 86' lang='lat' dir='ltr'><strong>doloris</strong></span> <span class='ocrx_word' id='word_1_211' title='bbox 861 2409 964 2464; x_wconf 84' lang='lat' dir='ltr'><strong>iniuria</strong></span> <span class='ocrx_word' id='word_1_212' title='bbox 982 2420 1086 2463; x_wconf 84' lang='lat' dir='ltr'><strong>recom-</strong></span> 
     </span>
     <span class='ocr_line' id='line_1_26' title="bbox 182 2492 1086 2566; baseline 0 -16"><span class='ocrx_word' id='word_1_213' title='bbox 182 2499 281 2566; x_wconf 81' lang='lat' dir='ltr'><strong>pensat</strong></span> <span class='ocrx_word' id='word_1_214' title='bbox 299 2492 419 2565; x_wconf 86' lang='lat' dir='ltr'><strong>aliquid,</strong></span> <span class='ocrx_word' id='word_1_215' title='bbox 436 2493 476 2548; x_wconf 82' lang='lat' dir='ltr'><strong>ita</strong></span> <span class='ocrx_word' id='word_1_216' title='bbox 495 2493 543 2565; x_wconf 89' lang='lat' dir='ltr'><strong>qui</strong></span> <span class='ocrx_word' id='word_1_217' title='bbox 558 2495 691 2551; x_wconf 85' lang='lat' dir='ltr'><strong>honorem</strong></span> <span class='ocrx_word' id='word_1_218' title='bbox 708 2495 825 2550; x_wconf 87' lang='lat' dir='ltr'><strong>alicuius</strong></span> <span class='ocrx_word' id='word_1_219' title='bbox 842 2494 939 2560; x_wconf 81' lang='lat' dir='ltr'><strong>violat,</strong></span> <span class='ocrx_word' id='word_1_220' title='bbox 958 2512 1014 2550; x_wconf 88' lang='lat' dir='ltr'><strong>non</strong></span> <span class='ocrx_word' id='word_1_221' title='bbox 1030 2493 1086 2550; x_wconf 85' lang='lat' dir='ltr'><strong>suf·</strong></span> 
     </span>
     <span class='ocr_line' id='line_1_27' title="bbox 181 2577 1088 2649; baseline 0.001 -15"><span class='ocrx_word' id='word_1_222' title='bbox 181 2580 241 2635; x_wconf 87' lang='lat' dir='ltr'><strong>iicit</strong></span> <span class='ocrx_word' id='word_1_223' title='bbox 261 2579 393 2635; x_wconf 86' lang='lat' dir='ltr'><strong>honorem</strong></span> <span class='ocrx_word' id='word_1_224' title='bbox 417 2578 546 2649; x_wconf 86' lang='lat' dir='ltr'><strong>reddere,</strong></span> <span class='ocrx_word' id='word_1_225' title='bbox 575 2581 598 2634; x_wconf 90' lang='lat' dir='ltr'><strong>si</strong></span> <span class='ocrx_word' id='word_1_226' title='bbox 620 2598 676 2636; x_wconf 89' lang='lat' dir='ltr'><strong>non</strong></span> <span class='ocrx_word' id='word_1_227' title='bbox 698 2579 850 2637; x_wconf 86' lang='lat' dir='ltr'><strong>secundum</strong></span> <span class='ocrx_word' id='word_1_228' title='bbox 867 2577 1088 2636; x_wconf 81' lang='lat' dir='ltr'><strong>exhonorationis</strong></span> 
     </span>
     <span class='ocr_line' id='line_1_28' title="bbox 183 2661 1088 2738; baseline 0.001 -19"><span class='ocrx_word' id='word_1_229' title='bbox 183 2663 286 2720; x_wconf 83' lang='lat' dir='ltr'><strong>iactam</strong></span> <span class='ocrx_word' id='word_1_230' title='bbox 310 2663 466 2719; x_wconf 83' lang='lat' dir='ltr'><strong>molestia-m</strong></span> <span class='ocrx_word' id='word_1_231' title='bbox 487 2661 610 2734; x_wconf 84' lang='lat' dir='ltr'><strong>aliquid,</strong></span> <span class='ocrx_word' id='word_1_232' title='bbox 634 2667 709 2738; x_wconf 91' lang='lat' dir='ltr'><strong>quod</strong></span> <span class='ocrx_word' id='word_1_233' title='bbox 734 2664 827 2738; x_wconf 83' lang='lat' dir='ltr'><strong>placet</strong></span> <span class='ocrx_word' id='word_1_234' title='bbox 843 2666 885 2720; x_wconf 92' lang='lat' dir='ltr'><strong>illi</strong></span> <span class='ocrx_word' id='word_1_235' title='bbox 903 2683 985 2738; x_wconf 88' lang='lat' dir='ltr'><strong>quem</strong></span> <span class='ocrx_word' id='word_1_236' title='bbox 1006 2667 1088 2722; x_wconf 86' lang='lat' dir='ltr'><strong>exhe-</strong></span> 
     </span>
     <span class='ocr_line' id='line_1_29' title="bbox 183 2747 1121 2822; baseline -0.004 -18"><span class='ocrx_word' id='word_1_237' title='bbox 183 2751 307 2820; x_wconf 79' lang='lat' dir='ltr'><strong>noravit,</strong></span> <span class='ocrx_word' id='word_1_238' title='bbox 324 2749 458 2804; x_wconf 69' lang='lat' dir='ltr'><strong>restittat</strong></span> <span class='ocrx_word' id='word_1_239' title='bbox 492 2747 555 2804; x_wconf 87' lang='lat' dir='ltr'><strong>Hoc</strong></span> <span class='ocrx_word' id='word_1_240' title='bbox 573 2765 683 2822; x_wconf 87' lang='lat' dir='ltr'><strong>quoque</strong></span> <span class='ocrx_word' id='word_1_241' title='bbox 700 2750 910 2820; x_wconf 80' lang='lat' dir='ltr'><strong>attendendum,</strong></span> <span class='ocrx_word' id='word_1_242' title='bbox 930 2748 1005 2822; x_wconf 85' lang='lat' dir='ltr'><strong>quod</strong></span> <span class='ocrx_word' id='word_1_243' title='bbox 1024 2762 1089 2805; x_wconf 84' lang='lat' dir='ltr'><strong>eom</strong></span> <span class='ocrx_word' id='word_1_244' title='bbox 1105 2749 1121 2800; x_wconf 83' lang='lat'>9</span> 
     </span>
     <span class='ocr_line' id='line_1_30' title="bbox 184 2832 1089 2907; baseline -0.003 -17"><span class='ocrx_word' id='word_1_245' title='bbox 184 2835 285 2907; x_wconf 82' lang='lat' dir='ltr'><strong>aliquis</strong></span> <span class='ocrx_word' id='word_1_246' title='bbox 300 2835 375 2907; x_wconf 87' lang='lat' dir='ltr'><strong>quod</strong></span> <span class='ocrx_word' id='word_1_247' title='bbox 392 2835 495 2890; x_wconf 85' lang='lat' dir='ltr'><strong>iniuste</strong></span> <span class='ocrx_word' id='word_1_248' title='bbox 511 2832 635 2904; x_wconf 87' lang='lat' dir='ltr'><strong>abstulit,</strong></span> <span class='ocrx_word' id='word_1_249' title='bbox 652 2835 743 2904; x_wconf 84' lang='lat' dir='ltr'><strong>solvit,</strong></span> <span class='ocrx_word' id='word_1_250' title='bbox 761 2836 813 2892; x_wconf 90' lang='lat' dir='ltr'><strong>hoc</strong></span> <span class='ocrx_word' id='word_1_251' title='bbox 832 2835 917 2892; x_wconf 88' lang='lat' dir='ltr'><strong>debet</strong></span> <span class='ocrx_word' id='word_1_252' title='bbox 934 2835 1001 2890; x_wconf 85' lang='lat' dir='ltr'><strong>dare</strong></span> <span class='ocrx_word' id='word_1_253' title='bbox 1013 2832 1089 2906; x_wconf 82' lang='lat' dir='ltr'><strong>quod</strong></span> 
     </span>
     <span class='ocr_line' id='line_1_31' title="bbox 184 2917 1139 2994; baseline -0.004 -20"><span class='ocrx_word' id='word_1_254' title='bbox 184 2919 220 2976; x_wconf 84' lang='lat' dir='ltr'><strong>ab</strong></span> <span class='ocrx_word' id='word_1_255' title='bbox 238 2920 286 2974; x_wconf 88' lang='lat' dir='ltr'><strong>illo</strong></span> <span class='ocrx_word' id='word_1_256' title='bbox 302 2936 359 2976; x_wconf 87' lang='lat' dir='ltr'><strong>non</strong></span> <span class='ocrx_word' id='word_1_257' title='bbox 381 2925 476 2992; x_wconf 86' lang='lat' dir='ltr'><strong>posset</strong></span> <span class='ocrx_word' id='word_1_258' title='bbox 493 2917 582 2994; x_wconf 81' lang='lat' dir='ltr'><strong>exigi,</strong></span> <span class='ocrx_word' id='word_1_259' title='bbox 607 2921 630 2974; x_wconf 92' lang='lat' dir='ltr'><strong>si</strong></span> <span class='ocrx_word' id='word_1_260' title='bbox 648 2918 768 2976; x_wconf 88' lang='lat' dir='ltr'><strong>alienum</strong></span> <span class='ocrx_word' id='word_1_261' title='bbox 786 2935 843 2978; x_wconf 85' lang='lat' dir='ltr'><strong>non</strong></span> <span class='ocrx_word' id='word_1_262' title='bbox 860 2921 1006 2993; x_wconf 84' lang='lat' dir='ltr'><strong>rapuisset.</strong></span> <span class='ocrx_word' id='word_1_263' title='bbox 1042 2917 1089 2974; x_wconf 80' lang='lat' dir='ltr'><strong>Sic</strong></span> <span class='ocrx_word' id='word_1_264' title='bbox 1108 2919 1139 2972; x_wconf 85' lang='lat'><strong>1⁰</strong></span> 
     </span>
     <span class='ocr_line' id='line_1_32' title="bbox 184 3001 1157 3086; baseline -0.005 -25"><span class='ocrx_word' id='word_1_265' title='bbox 184 3005 250 3077; x_wconf 76' lang='lat' dir='ltr'><strong>ergo</strong></span> <span class='ocrx_word' id='word_1_266' title='bbox 283 3005 367 3063; x_wconf 89' lang='lat' dir='ltr'><strong>debet</strong></span> <span class='ocrx_word' id='word_1_267' title='bbox 395 3007 483 3061; x_wconf 86' lang='lat' dir='ltr'><strong>omnis</strong></span> <span class='ocrx_word' id='word_1_268' title='bbox 510 3007 559 3077; x_wconf 91' lang='lat' dir='ltr'><strong>qui</strong></span> <span class='ocrx_word' id='word_1_269' title='bbox 584 3013 699 3076; x_wconf 80' lang='lat' dir='ltr'><strong>peccat,</strong></span> <span class='ocrx_word' id='word_1_270' title='bbox 725 3006 858 3086; x_wconf 68' lang='lat' dir='ltr'><strong>horrorem</strong></span> <span class='ocrx_word' id='word_1_271' title='bbox 886 3021 969 3084; x_wconf 67' lang='lat' dir='ltr'><strong>quem</strong></span> <span class='ocrx_word' id='word_1_272' title='bbox 994 3001 1090 3074; x_wconf 79' lang='lat' dir='ltr'><strong>rapuit</strong></span> <span class='ocrx_word' id='word_1_273' title='bbox 1118 3043 1157 3080; x_wconf 22' lang='grc' dir='ltr'><strong>ᾗ,</strong></span> 
     </span>
     <span class='ocr_line' id='line_1_33' title="bbox 183 3085 1090 3166; baseline 0 -20"><span class='ocrx_word' id='word_1_274' title='bbox 183 3087 261 3156; x_wconf 85' lang='lat' dir='ltr'><strong>Deo,</strong></span> <span class='ocrx_word' id='word_1_275' title='bbox 281 3090 404 3166; x_wconf 71' lang='lat' dir='ltr'><strong>soipere3</strong></span> <span class='ocrx_word' id='word_1_276' title='bbox 432 3099 460 3148; x_wconf 85' lang='lat' dir='ltr'><strong>et</strong></span> <span class='ocrx_word' id='word_1_277' title='bbox 478 3093 547 3149; x_wconf 85' lang='lat' dir='ltr'><strong>haec</strong></span> <span class='ocrx_word' id='word_1_278' title='bbox 565 3099 608 3148; x_wconf 89' lang='lat' dir='ltr'><strong>est</strong></span> <span class='ocrx_word' id='word_1_279' title='bbox 624 3089 791 3162; x_wconf 79' lang='lat' dir='ltr'><strong>satisfactio,</strong></span> <span class='ocrx_word' id='word_1_280' title='bbox 817 3107 901 3164; x_wconf 85' lang='lat' dir='ltr'><strong>quam</strong></span> <span class='ocrx_word' id='word_1_281' title='bbox 918 3089 1006 3146; x_wconf 85' lang='lat' dir='ltr'><strong>omnis</strong></span> <span class='ocrx_word' id='word_1_282' title='bbox 1025 3085 1090 3160; x_wconf 72' lang='lat' dir='ltr'><strong>pet·</strong></span> 
     </span>
     <span class='ocr_line' id='line_1_34' title="bbox 183 3171 1139 3247; baseline -0.004 -16"><span class='ocrx_word' id='word_1_283' title='bbox 183 3183 262 3232; x_wconf 78' lang='lat' dir='ltr'><strong>tator</strong></span> <span class='ocrx_word' id='word_1_284' title='bbox 280 3177 364 3234; x_wconf 83' lang='lat' dir='ltr'><strong>debet</strong></span> <span class='ocrx_word' id='word_1_285' title='bbox 382 3177 442 3234; x_wconf 90' lang='lat' dir='ltr'><strong>Deo</strong></span> <span class='ocrx_word' id='word_1_286' title='bbox 458 3177 559 3234; x_wconf 84' lang='lat' dir='ltr'><strong>iacere.</strong></span> <span class='ocrx_word' id='word_1_287' title='bbox 593 3179 662 3234; x_wconf 81' lang='lat' dir='ltr'><strong>Bor.</strong></span> <span class='ocrx_word' id='word_1_288' title='bbox 698 3171 732 3232; x_wconf 85' lang='lat' dir='ltr'><strong>in</strong></span> <span class='ocrx_word' id='word_1_289' title='bbox 746 3177 789 3231; x_wconf 91' lang='lat' dir='ltr'><strong>his</strong></span> <span class='ocrx_word' id='word_1_290' title='bbox 806 3173 941 3246; x_wconf 87' lang='lat' dir='ltr'><strong>omnibus,</strong></span> <span class='ocrx_word' id='word_1_291' title='bbox 959 3175 1091 3247; x_wconf 81' lang='lat' dir='ltr'><strong>quoniam</strong></span> <span class='ocrx_word' id='word_1_292' title='bbox 1110 3176 1139 3228; x_wconf 92' lang='lat'><strong>11</strong></span> 
     </span>
    </p>
   </div>
   <div class='ocr_carea' id='block_1_3' title="bbox 188 3332 675 3399">
    <p class='ocr_par' dir='ltr' id='par_1_4' title="bbox 188 3283 675 3399">
     <span class='ocr_line' id='line_1_35' title="bbox 188 3332 675 3399; baseline -0.004 -11"><span class='ocrx_word' id='word_1_293' title='bbox 188 3345 193 3374; x_wconf 64' lang='lat' dir='ltr'>f</span> <span class='ocrx_word' id='word_1_294' title='bbox 242 3339 283 3399; x_wconf 74' lang='lat' dir='ltr'><strong>i&gt;</strong></span> <span class='ocrx_word' id='word_1_295' title='bbox 302 3333 384 3396; x_wconf 63' lang='lat' dir='ltr'><strong>Quae</strong></span> <span class='ocrx_word' id='word_1_296' title='bbox 402 3333 582 3388; x_wconf 77' lang='lat' dir='ltr'><strong>estdcbitam</strong></span> <span class='ocrx_word' id='word_1_297' title='bbox 600 3333 626 3387; x_wconf 86' lang='lat' dir='ltr'>B</span> <span class='ocrx_word' id='word_1_298' title='bbox 643 3332 675 3391; x_wconf 77' lang='lat'><strong>0.</strong></span> 
     </span>
    </p>
   </div>
   <div class='ocr_carea' id='block_1_4' title="bbox 0 0 1330 3810">
    <p class='ocr_par' dir='ltr' id='par_1_5' title="bbox 0 0 1330 3810">
     <span class='ocr_line' id='line_1_36' title="bbox 0 0 1330 3810; baseline 0 0"><span class='ocrx_word' id='word_1_299' title='bbox 0 0 1330 3810; x_wconf 95' lang='lat' dir='ltr'><strong> </strong></span> 
     </span>
    </p>
   </div>
  </div>
 </body>
</html>
