2628 3810
210 263 254 328 40
397 259 425 317 S.
444 259 615 320 ANSELMI
633 259 940 320 CANTUARIENSIS

211 432 318 503 absque
336 431 411 487 omni
430 431 633 498 mundatione,
657 430 742 486 talem
762 449 870 502 semper
887 447 1047 486 mansurum
1062 429 1118 484 eal-

210 524 267 574 tam
294 517 324 593 in
349 517 523 588 paradisum,
556 517 591 572 da
616 533 671 588 quo
693 516 797 572 eiectum
820 517 926 586 fuerat,
952 512 1118 570 reduceret?

161 599 193 650 13
211 604 281 660 Bor.
317 601 546 673 Similitudincm‚
575 602 599 657 si
616 601 694 658 Deus
715 601 769 656 hoc
790 601 909 672 faceret,
935 617 1038 672 negare
1062 615 1119 654 nou
1221 600 1222 603 ’

208 689 301 744 audeo
318 693 347 744 ct
368 687 473 744 idcirco
497 706 561 746 eum
582 688 636 744 hoc
652 687 744 744 facere
760 704 842 758 posse
859 705 917 743 non
933 705 1034 744 annuo.
1068 683 1117 741 Vi·

213 774 326 829 deretur
355 773 429 829 enim
459 780 509 829 aut
532 773 607 846 quod
630 779 812 844 proposuerat
834 789 968 844 peragere
990 789 1048 827 nou
1068 767 1118 842 po

211 859 312 928 tuisse,
341 865 391 913 aut
419 858 486 915 boni
514 858 650 930 propositi
679 875 742 916 eum
772 857 957 928 poenituisse3
991 873 1063 930 quae
1088 856 1119 910 in

161 940 194 993 14
210 946 304 1000 Deum
327 944 426 998 cadere
452 949 600 1015 nequeunt
641 945 712 999 Aca
745 943 822 998 Tene
848 942 935 1014 igitur
958 943 1117 1008 certissime,

211 1030 278 1101 quia
320 1028 379 1084 sine
419 1027 608 1084 satisfactione
641 1030 659 1086 i.
696 1047 720 1086 a
755 1031 816 1084 sine
860 1029 946 1084 debiti
981 1029 1119 1084 solutione

212 1119 367 1185 spontanea
384 1129 436 1168 nec
454 1113 532 1170 Deus
559 1121 653 1186 potest
675 1121 822 1187 peccatum
842 1114 1009 1187 impunitum
1027 1113 1120 1168 dimit-

210 1205 270 1256 tere
291 1216 343 1254 nec
370 1205 501 1270 peccator
527 1202 565 1256 ad
587 1201 788 1259 beatitudinem
811 1202 857 1255 vel
881 1201 979 1266 talem,
1009 1199 1120 1269 qualem

170 1339 173 1348 ,
210 1283 334 1346 habebat
355 1289 505 1354 antequam
532 1293 676 1357 peccaret,
702 1286 860 1358 pervenire3
886 1303 943 1341 non
968 1284 1041 1340 enim
1066 1286 1120 1339 hoc

212 1368 293 1425 modo
324 1375 500 1442 repararetur
524 1371 606 1428 homo
631 1373 677 1427 vel
702 1373 780 1442 tedis,
810 1372 902 1444 qualis
930 1370 1022 1426 fuerat
1054 1375 1120 1424 ante

162 1458 368 1528 reposcerem
416 1459 485 1511 Bos.
519 1457 686 1513 Rationibus
712 1458 769 1514 tuis
796 1457 906 1513 omnino
931 1453 1120 1512 contradicere

212 1557 267 1609 non
283 1558 405 1612 possum.
442 1541 499 1598 Sed
517 1543 585 1614 quid
605 1547 662 1612 est,
681 1545 756 1616 quod
775 1544 891 1599 dicimus
911 1542 986 1598 Deo:
1012 1539 1120 1594 dimitte

205 1629 292 1682 ,ochis
315 1629 410 1682 debita
435 1630 578 1696 cosma-¹)
603 1634 631 1683 at
653 1629 743 1684 omnis
763 1647 832 1702 gens
852 1635 912 1687 orat
928 1627 1019 1682 Deum
1038 1641 1120 1697 quem

162 1719 196 1770 16
213 1713 309 1782 credit,
326 1720 364 1768 ut
377 1711 499 1768 dimittat
515 1712 569 1768 sibi
586 1714 723 1784 peccata?
749 1715 780 1772 Si
799 1715 872 1770 enim
892 1713 1024 1769 solvimus
1044 1710 1120 1783 quod

172 1845 173 1848 ,
213 1798 359 1866 debemus,
383 1815 433 1855 cur
451 1815 574 1869 oramus,
597 1805 630 1855 ut
647 1798 789 1854 dimittat?
824 1797 968 1870 Numquid
985 1798 1062 1855 Deus
1079 1796 1120 1852 in·

212 1884 302 1939 iustum
321 1887 378 1952 est,
402 1888 435 1937 ut
459 1883 558 1940 iterum
577 1885 672 1956 exigat
688 1886 763 1957 quod
783 1887 904 1942 solutum
923 1883 988 1938 est?
1023 1882 1053 1938 Si
1071 1899 1120 1938 au·

211 1975 268 2024 tem
285 1985 342 2023 non
364 1968 512 2039 solvimus,
536 1986 586 2024 cur
609 1969 714 2024 frustm
736 1987 860 2040 oramus,
884 1977 916 2026 ut
932 1969 1017 2025 faciat
1036 1969 1121 2041 qnod,

162 2062 195 2113 17
214 2053 353 2126 quianon
376 2053 520 2123 convenit,
544 2043 637 2110 facere
660 2071 716 2110 non
739 2054 851 2124 potest?
884 2057 955 2111 Aac.
990 2056 1045 2121 Qui
1063 2073 1121 2110 nou

214 2139 309 2209 solvit,
334 2138 439 2197 frustra
456 2140 536 2196 dicit:
564 2141 671 2194 dimitte
677 2161 689 2209 ,·
712 2139 761 2211 qui
784 2145 877 2196 autem
894 2141 990 2211 solvit,
1015 2140 1121 2212 suppli·

214 2231 275 2296 ost,
297 2225 428 2297 quoniam
444 2227 497 2280 hoc
513 2226 607 2297 ipsum
622 2225 744 2296 pertinet
769 2225 806 2279 ad
822 2226 987 2283 solutionem
1004 2233 1036 2282 ut
1055 2243 1121 2296 sup·

212 2313 313 2382 plicet;
329 2327 394 2364 nam
412 2311 490 2366 Deus
509 2308 579 2364 nulli
595 2308 748 2381 quidquam
765 2311 857 2382 debet,
874 2313 924 2368 sed
942 2312 1031 2368 omnis
1046 2326 1121 2366 crea·

214 2403 278 2452 tura
302 2395 344 2452 illi
371 2395 470 2464 dabet;
501 2401 530 2450 et
552 2394 616 2449 ideo
639 2411 696 2450 nou
719 2396 832 2467 expedit
857 2396 975 2466 homini,
1000 2401 1033 2452 ut
1054 2402 1124 2467 agat

159 2488 196 2539 v18
214 2498 278 2535 cum
302 2481 379 2550 Deo,
408 2480 640 2552 quemadmodum
665 2495 718 2551 par
742 2497 807 2536 cum
831 2483 901 2554 pari.
936 2483 993 2540 Sed
1016 2480 1121 2536 dehoc

214 2583 271 2620 non
289 2569 331 2621 cst
354 2583 424 2636 opus
447 2581 521 2623 nunc
546 2564 599 2621 tibi
619 2567 795 2637 respondere.
829 2567 900 2624 (ium
925 2567 999 2624 enim
1018 2580 1121 2636 cogno-

215 2666 288 2719 sces,
314 2666 364 2704 cur
383 2648 508 2706 Christus
530 2656 653 2706 mortuus
678 2657 735 2723 est,
758 2652 876 2710 forsitan
899 2670 950 2725 per
966 2658 996 2707 ta
1012 2648 1121 2705 videbis

163 2749 197 2800 19
214 2735 290 2808 quod
318 2735 435 2806 quaeris.
479 2739 548 2792 Bor.
584 2735 694 2792 Sufficit
722 2754 789 2811 ergo
809 2756 885 2794 nunc
906 2737 1017 2806 mihi‚²)
1045 2734 1122 2806 quod

215 2823 250 2878 de
269 2820 321 2876 hac
339 2821 501 2891 quaestione
524 2823 684 2893 respondes.
719 2823 800 2890 Quod
818 2830 912 2880 autam
929 2822 1022 2876 nullus
1039 2820 1122 2876 homo

213 2907 252 2962 ad
275 2905 478 2962 beatitudinem
500 2908 646 2978 pervenire
670 2916 756 2980 queat
773 2927 838 2966 cum
854 2912 969 2980 peceato
986 2910 1035 2962 aut
1051 2905 1123 2962 solvi

212 3008 233 3047 a
248 2998 379 3064 peccato,
405 2991 459 3047 uisi
479 2991 569 3047 solvat
585 2993 662 3065 quod
678 2995 772 3066 rapuit
787 2993 943 3066 peccando,
967 2992 1007 3048 sic
1027 2997 1123 3063 aperta

213 3078 384 3149 monstrasti,
400 3082 441 3147 ut,
459 3077 567 3133 etiamsi
583 3078 675 3148 velim,
692 3095 749 3135 non
765 3079 870 3152 possim
887 3078 1023 3135 dubitare.

285 3253 310 3315 ti
328 3242 430 3307 ‘Marta
449 3257 474 3321 c,
495 3256 533 3308 12.

283 3319 502 3390 2)‘SicAsbc
520 3317 661 3376 aare.
