2628 3810
125 273 182 328 τι
397 269 615 340 nuncnunc
634 269 821 328 unruoms.

128 441 267 510 auctoris
290 440 431 508 studium
454 461 490 508 sc
514 441 557 510 ad
585 440 705 526 gradum
726 442 881 508 lectorum
900 439 1111 514 eruditionis,

126 527 235 593 varios
261 527 490 596 accomodaudi
509 527 604 592 laude
626 527 712 594 omni
734 527 866 610 dignum
890 535 922 594 et
942 548 983 592 ex
998 527 1087 593 ansis

126 611 192 676 illis
220 612 251 680 ei
282 613 324 678 ad
356 611 558 711 scribendum
587 611 671 678 datis
698 611 908 712 derivandum
934 633 976 712 ne
999 610 1089 678 mini-

127 696 1090 867 butroti‘¹ttddicisstddbbdtffldbbcid

127 865 160 932 S.
181 869 260 932 Ven.
281 867 385 932 Haase
396 871 421 948 1)
442 873 597 938 tractatus
619 873 810 934 structuram
838 868 885 932 ita
910 867 1091 952 descripsit,

125 957 162 1016 ut
193 957 323 1038 praeter
343 951 515 1036 Prologum
543 949 589 1036 (I,
614 954 745 1030 1-10)
775 959 811 1019 et
835 951 1008 1038 Epilo‘gum
1031 949 1090 1036 (Il,

128 1033 294 1120 162—22)
338 1050 400 1100 tres
441 1043 596 1102 statueret
638 1043 761 1121 partes,
807 1058 942 1121 quarum
984 1036 1090 1123 prima

128 1119 169 1204 (Ι,
193 1118 333 1206 11-19)
355 1121 608 1194 satisfactionem
629 1122 748 1188 evincit
770 1123 998 1207 conditionem,
1020 1123 1090 1189 sine

150 1226 193 1271 ua
221 1206 366 1272 remissio
394 1213 598 1291 peccatorum
620 1206 689 1273 fieri
710 1227 774 1274 nou
798 1208 917 1294 possit3
947 1207 1110 1274 secundat

128 1225 169 1376 ὃ,
189 1291 340 1376 20-24)
362 1291 520 1357 hominem
546 1299 747 1376 peccatorem
774 1292 972 1360 demonstrat
990 1313 1091 1442 guam

129 1376 246 1442 debeat
267 1379 338 1442 Deo
358 1378 609 1444 satisfactionem
628 1398 687 1462 pro
708 1385 842 1462 peccato
864 1399 936 1444 eam
954 1398 989 1444 re
1013 1378 1089 1443 dere

43 1511 45 1516 .
128 1461 261 1545 nequire
284 1469 316 1528 et
336 1463 399 1528 nisi
422 1461 597 1528 reddiderit
618 1463 739 1528 saivari
760 1484 824 1529 non
845 1464 971 1548 valere;
994 1462 1091 1529 tertia

128 1546 267 1630 denique
291 1547 353 1633 (II,
377 1546 504 1631 1-15)
534 1547 693 1614 neminem
719 1548 879 1614 concludit
898 1550 962 1615 nisi
983 1551 1090 1614 Deum

127 1631 288 1699 hominem
323 1653 458 1715 cumque
495 1632 681 1699 crucifixum
716 1633 968 1700 satisfactionem
1000 1635 1091 1698 illam

128 1717 269 1784 debitam
300 1718 371 1783 Deo
403 1724 569 1815 praestare
604 1737 643 1782 ac
674 1717 784 1782 mundi
813 1726 949 1803 peccata
981 1719 1115 1788 delere.

127 1822 257 1951 dits
278 1802 1091 1970 futbisntttbtdbddrddiditbd

147 1937 154 1951 ⁶
258 1934 265 1948 ⁶
300 1937 307 1950 ’
700 1937 708 1970 i

128 1970 191 2036 Dei
212 1970 354 2037 iustitiae
370 1970 559 2036 concordem
572 1970 633 2036 hoc
647 1978 788 2037 tractatu
804 1993 917 2038 senon
933 1975 1090 2041 evertisse

129 2056 187 2121 sed
218 2075 282 2140 qua
309 2076 370 2141 par
397 2061 446 2120 est
475 2057 598 2121 ratione
622 2057 800 2126 astruxisse
822 2064 933 2124 auctor
954 2057 1011 2144 (II,
1033 2058 1090 2144 20)
1172 2089 1175 2095 ·

128 2140 294 2207 evidenter
315 2147 348 2206 ct
369 2140 508 2206 dilucide
530 2141 713 2223 ostendit.²)

195 2226 327 2292 Gabriel
351 2225 518 2304 Ger-beron,
539 2227 713 2311 Presbyter
735 2247 774 2292 ac
790 2227 965 2294 Monachus
987 2229 1089 2294 Bene·

128 2309 268 2377 dictinns
301 2331 343 2375 ex
376 2309 634 2410 Oongregationc
662 2310 694 2376 S.
725 2311 845 2396 Mauri,
879 2314 935 2396 qui
968 2333 1028 2379 sua
1057 2313 1088 2379 S.

126 2395 272 2460 Anselmi
300 2395 441 2480 Operum
470 2394 645 2480 edrtrone³)
680 2397 799 2482 optime
834 2418 892 2482 pro
920 2417 954 2464 re
980 2398 1092 2464 critica

200 2702 224 2767 1)
245 2688 377 2768 „Anselm
394 2716 419 2754 v.
440 2699 643 2772 Oanterbury.“
662 2699 700 2769 11,
721 2707 770 2757 572
787 2718 828 2771 sq.

199 2789 225 2853 2)
243 2783 300 2840 cfr.
320 2783 574 2854 „Gesohichtliches
592 2804 642 2840 aus
663 2786 712 2841 der
729 2785 895 2865 Versbhnun
931 2785 1017 2866 -und
1034 2783 1091 2839 Ge-

127 2854 396 2996 sntfudit?
420 2855 879 2996 nfiff'iissssigfiiiiiiffl
916 2853 1091 2909 ΟΜ

201 3011 229 3080 3)
253 3008 367 3078 „Sanni
385 3010 514 3062 Aaaalmi
534 3009 577 3064 Ex
601 3009 736 3064 Beccensi
752 3008 866 3066 Abbate
883 3007 1091 3066 Cantuaricnsis

130 3078 342 3150 archiepiscopi
360 3077 452 3149 Oper'a
463 3077 522 3134 Nec
541 3077 604 3134 Non
616 3077 748 3133 Eadmcri
767 3077 899 3132 Monachi
910 3076 1092 3132 Cantuan'eu·
1129 3087 1132 3094 “

130 3148 167 3201 sis
187 3145 310 3203 Historia
324 3147 478 3215 Novarum,
500 3147 537 3202 Et
564 3147 619 3201 alia
642 3145 790 3217 opuscula:
818 3145 927 3202 Labore
944 3163 978 3200 ac
996 3146 1091 3200 studio

129 3216 165 3271 I).
184 3215 323 3273 Gabrielis
346 3218 490 3273 Gcrbcroo
507 3216 581 3271 Mon.
593 3213 695 3285 Congr.
711 3216 739 3272 S.
756 3215 848 3270 Mauri
865 3216 903 3268 ad
920 3215 986 3270 Mas.
1006 3215 1091 3272 fidcrn

129 3292 285 3358 expurgata
313 3293 342 3342 et
372 3293 462 3342 aucta.
508 3285 637 3343 Secunda
673 3283 759 3338 editio
788 3291 914 3339 correcta
942 3291 971 3340 ct
998 3291 1090 3340 ancta.

128 3355 257 3412 Lutetiae
275 3355 445 3414 Parisiorum
462 3385 498 3398 -
514 3352 717 3412 Moccffl
