<?xml version="1.0" encoding="UTF-8"?>
<!DOCTYPE html PUBLIC "-//W3C//DTD XHTML 1.0 Transitional//EN"
    "http://www.w3.org/TR/xhtml1/DTD/xhtml1-transitional.dtd">
<html xmlns="http://www.w3.org/1999/xhtml" xml:lang="en" lang="en">
 <head>
  <title>
</title>
<meta http-equiv="Content-Type" content="text/html;charset=utf-8" />
  <meta name='ocr-system' content='tesseract 3.04.00' />
  <meta name='ocr-capabilities' content='ocr_page ocr_carea ocr_par ocr_line ocrx_word'/>
</head>
<body>
  <div class='ocr_page' id='page_1' title='image "./sanselmicantuar00laemgoog_0095.png"; bbox 0 0 2628 3810; ppageno 0'>
   <div class='ocr_carea' id='block_1_1' title="bbox 223 276 945 354">
    <p class='ocr_par' dir='ltr' id='par_1_1' title="bbox 223 276 945 354">
     <span class='ocr_line' id='line_1_1' title="bbox 223 276 945 354; baseline -0.001 -12"><span class='ocrx_word' id='word_1_1' title='bbox 223 283 264 354; x_wconf 86' lang='grc'><strong>70</strong></span> <span class='ocrx_word' id='word_1_2' title='bbox 401 283 429 342; x_wconf 87' lang='lat' dir='ltr'><strong>S.</strong></span> <span class='ocrx_word' id='word_1_3' title='bbox 447 276 618 341; x_wconf 72' lang='lat' dir='ltr'><strong>Ansam</strong></span> <span class='ocrx_word' id='word_1_4' title='bbox 637 280 945 342; x_wconf 53' lang='lat' dir='ltr'><strong>Garumnam</strong></span> 
     </span>
    </p>
   </div>
   <div class='ocr_carea' id='block_1_2' title="bbox 176 450 1135 1632">
    <p class='ocr_par' dir='ltr' id='par_1_2' title="bbox 176 450 1135 1632">
     <span class='ocr_line' id='line_1_2' title="bbox 188 450 1127 528; baseline -0.003 -18"><span class='ocrx_word' id='word_1_5' title='bbox 188 471 192 482; x_wconf 86' lang='lat'>·</span> <span class='ocrx_word' id='word_1_6' title='bbox 221 453 356 519; x_wconf 79' lang='lat' dir='ltr'><strong>laesione,</strong></span> <span class='ocrx_word' id='word_1_7' title='bbox 385 467 459 528; x_wconf 81' lang='lat' dir='ltr'><strong>qnos</strong></span> <span class='ocrx_word' id='word_1_8' title='bbox 479 453 559 509; x_wconf 82' lang='lat' dir='ltr'><strong>illan</strong></span> <span class='ocrx_word' id='word_1_9' title='bbox 581 453 907 526; x_wconf 54' lang='lat' dir='ltr'><strong>angnomponesss</strong></span> <span class='ocrx_word' id='word_1_10' title='bbox 931 469 976 508; x_wconf 85' lang='lat' dir='ltr'><strong>me</strong></span> <span class='ocrx_word' id='word_1_11' title='bbox 1000 450 1127 508; x_wconf 74' lang='lat' dir='ltr'><strong>oxistmo</strong></span> 
     </span>
     <span class='ocr_line' id='line_1_3' title="bbox 189 535 1128 608; baseline -0.004 -12"><span class='ocrx_word' id='word_1_12' title='bbox 189 535 332 596; x_wconf 67' lang='lat' dir='ltr'><strong>leoena</strong></span> <span class='ocrx_word' id='word_1_13' title='bbox 368 541 437 594; x_wconf 75' lang='lat' dir='ltr'><strong>Ana.</strong></span> <span class='ocrx_word' id='word_1_14' title='bbox 473 539 560 596; x_wconf 78' lang='lat' dir='ltr'><strong>Baete</strong></span> <span class='ocrx_word' id='word_1_15' title='bbox 583 540 740 608; x_wconf 66' lang='lat' dir='ltr'><strong>existimast</strong></span> <span class='ocrx_word' id='word_1_16' title='bbox 765 540 815 594; x_wconf 86' lang='lat' dir='ltr'><strong>sed</strong></span> <span class='ocrx_word' id='word_1_17' title='bbox 837 539 885 594; x_wconf 80' lang='lat' dir='ltr'><strong>die</strong></span> <span class='ocrx_word' id='word_1_18' title='bbox 911 537 990 608; x_wconf 67' lang='lat' dir='ltr'><strong>mhi,</strong></span> <span class='ocrx_word' id='word_1_19' title='bbox 1014 553 1065 592; x_wconf 80' lang='lat' dir='ltr'><strong>em</strong></span> <span class='ocrx_word' id='word_1_20' title='bbox 1083 537 1128 592; x_wconf 77' lang='lat' dir='ltr'><strong>ite</strong></span> 
     </span>
     <span class='ocr_line' id='line_1_4' title="bbox 224 621 1128 696; baseline -0.002 -16"><span class='ocrx_word' id='word_1_21' title='bbox 224 641 272 680; x_wconf 85' lang='lat' dir='ltr'><strong>oor</strong></span> <span class='ocrx_word' id='word_1_22' title='bbox 292 631 371 680; x_wconf 70' lang='lat' dir='ltr'><strong>terrm</strong></span> <span class='ocrx_word' id='word_1_23' title='bbox 396 625 515 694; x_wconf 74' lang='lat' dir='ltr'><strong>iudicat,</strong></span> <span class='ocrx_word' id='word_1_24' title='bbox 541 629 574 680; x_wconf 87' lang='lat' dir='ltr'><strong>ut</strong></span> <span class='ocrx_word' id='word_1_25' title='bbox 597 625 662 696; x_wconf 81' lang='lat' dir='ltr'><strong>plns</strong></span> <span class='ocrx_word' id='word_1_26' title='bbox 687 623 799 679; x_wconf 82' lang='lat' dir='ltr'><strong>horreat</strong></span> <span class='ocrx_word' id='word_1_27' title='bbox 819 641 907 679; x_wconf 85' lang='lat' dir='ltr'><strong>unam</strong></span> <span class='ocrx_word' id='word_1_28' title='bbox 930 628 1077 695; x_wconf 76' lang='lat' dir='ltr'><strong>peooatnrn</strong></span> <span class='ocrx_word' id='word_1_29' title='bbox 1098 621 1128 678; x_wconf 86' lang='lat' dir='ltr'><strong>in</strong></span> 
     </span>
     <span class='ocr_line' id='line_1_5' title="bbox 223 707 1130 781; baseline 0.001 -18"><span class='ocrx_word' id='word_1_30' title='bbox 223 708 345 764; x_wconf 63' lang='lat' dir='ltr'><strong>laesione</strong></span> <span class='ocrx_word' id='word_1_31' title='bbox 360 709 443 766; x_wconf 76' lang='lat' dir='ltr'><strong>lanias</strong></span> <span class='ocrx_word' id='word_1_32' title='bbox 466 708 585 764; x_wconf 85' lang='lat' dir='ltr'><strong>bominis</strong></span> <span class='ocrx_word' id='word_1_33' title='bbox 608 723 691 780; x_wconf 80' lang='lat' dir='ltr'><strong>quam</strong></span> <span class='ocrx_word' id='word_1_34' title='bbox 714 709 771 763; x_wconf 79' lang='lat' dir='ltr'><strong>alia</strong></span> <span class='ocrx_word' id='word_1_35' title='bbox 795 710 900 775; x_wconf 81' lang='lat' dir='ltr'><strong>omnia,</strong></span> <span class='ocrx_word' id='word_1_36' title='bbox 925 725 996 781; x_wconf 77' lang='lat' dir='ltr'><strong>quoe</strong></span> <span class='ocrx_word' id='word_1_37' title='bbox 1011 707 1130 780; x_wconf 75' lang='lat' dir='ltr'><strong>eogitari</strong></span> 
     </span>
     <span class='ocr_line' id='line_1_6' title="bbox 224 792 1130 866; baseline 0 -18"><span class='ocrx_word' id='word_1_38' title='bbox 224 799 355 865; x_wconf 79' lang='lat' dir='ltr'><strong>possnnt3</strong></span> <span class='ocrx_word' id='word_1_39' title='bbox 383 810 447 850; x_wconf 81' lang='lat' dir='ltr'><strong>eam</strong></span> <span class='ocrx_word' id='word_1_40' title='bbox 468 793 561 849; x_wconf 79' lang='lat' dir='ltr'><strong>omnia</strong></span> <span class='ocrx_word' id='word_1_41' title='bbox 579 809 762 865; x_wconf 79' lang='lat' dir='ltr'><strong>qnaeonnqae</strong></span> <span class='ocrx_word' id='word_1_42' title='bbox 782 792 854 850; x_wconf 81' lang='lat' dir='ltr'><strong>fiant</strong></span> <span class='ocrx_word' id='word_1_43' title='bbox 875 800 1005 866; x_wconf 85' lang='lat' dir='ltr'><strong>peooats,</strong></span> <span class='ocrx_word' id='word_1_44' title='bbox 1033 797 1130 849; x_wconf 75' lang='lat' dir='ltr'><strong>oonba</strong></span> 
     </span>
     <span class='ocr_line' id='line_1_7' title="bbox 191 879 1130 950; baseline -0.001 -16"><span class='ocrx_word' id='word_1_45' title='bbox 191 879 396 935; x_wconf 71' lang='lat' dir='ltr'><strong>&#39;lillnmsinti</strong></span> <span class='ocrx_word' id='word_1_46' title='bbox 430 884 497 935; x_wconf 82' lang='lat' dir='ltr'><strong>Bos.</strong></span> <span class='ocrx_word' id='word_1_47' title='bbox 532 879 668 944; x_wconf 82' lang='lat' dir='ltr'><strong>Quoniam</strong></span> <span class='ocrx_word' id='word_1_48' title='bbox 693 885 839 950; x_wconf 84' lang='lat' dir='ltr'><strong>peooatnm</strong></span> <span class='ocrx_word' id='word_1_49' title='bbox 861 880 936 950; x_wconf 84' lang='lat' dir='ltr'><strong>quod</strong></span> <span class='ocrx_word' id='word_1_50' title='bbox 959 879 988 934; x_wconf 88' lang='lat' dir='ltr'><strong>in</strong></span> <span class='ocrx_word' id='word_1_51' title='bbox 1011 893 1130 950; x_wconf 81' lang='lat' dir='ltr'><strong>persona</strong></span> 
     </span>
     <span class='ocr_line' id='line_1_8' title="bbox 222 963 1135 1036; baseline 0 -16"><span class='ocrx_word' id='word_1_52' title='bbox 222 964 284 1020; x_wconf 70' lang='lat' dir='ltr'><strong>eim</strong></span> <span class='ocrx_word' id='word_1_53' title='bbox 301 963 346 1033; x_wconf 84' lang='lat' dir='ltr'><strong>iit,</strong></span> <span class='ocrx_word' id='word_1_54' title='bbox 365 963 617 1035; x_wconf 66' lang='lat' dir='ltr'><strong>incomparabiliter</strong></span> <span class='ocrx_word' id='word_1_55' title='bbox 635 970 748 1035; x_wconf 75' lang='lat' dir='ltr'><strong>saporat</strong></span> <span class='ocrx_word' id='word_1_56' title='bbox 765 964 859 1020; x_wconf 86' lang='lat' dir='ltr'><strong>omnia</strong></span> <span class='ocrx_word' id='word_1_57' title='bbox 874 964 935 1033; x_wconf 85' lang='lat' dir='ltr'><strong>illa,</strong></span> <span class='ocrx_word' id='word_1_58' title='bbox 962 981 1034 1036; x_wconf 87' lang='lat' dir='ltr'><strong>qnae</strong></span> <span class='ocrx_word' id='word_1_59' title='bbox 1052 969 1135 1020; x_wconf 78' lang='lat' dir='ltr'><strong>extra-</strong></span> 
     </span>
     <span class='ocr_line' id='line_1_9' title="bbox 191 1047 1130 1120; baseline 0.001 -18"><span class='ocrx_word' id='word_1_60' title='bbox 191 1049 371 1120; x_wconf 76' lang='lat' dir='ltr'><strong>8parsonem</strong></span> <span class='ocrx_word' id='word_1_61' title='bbox 393 1047 468 1104; x_wconf 83' lang='lat' dir='ltr'><strong>illius</strong></span> <span class='ocrx_word' id='word_1_62' title='bbox 493 1047 611 1120; x_wconf 80' lang='lat' dir='ltr'><strong>eogitari</strong></span> <span class='ocrx_word' id='word_1_63' title='bbox 635 1055 759 1120; x_wconf 71' lang='lat' dir='ltr'><strong>possum.</strong></span> <span class='ocrx_word' id='word_1_64' title='bbox 794 1051 864 1106; x_wconf 73' lang='lat' dir='ltr'><strong>Ans.</strong></span> <span class='ocrx_word' id='word_1_65' title='bbox 901 1049 975 1114; x_wconf 77' lang='lat' dir='ltr'><strong>Quid</strong></span> <span class='ocrx_word' id='word_1_66' title='bbox 999 1048 1069 1105; x_wconf 86' lang='lat' dir='ltr'><strong>diois</strong></span> <span class='ocrx_word' id='word_1_67' title='bbox 1093 1049 1130 1103; x_wconf 79' lang='lat' dir='ltr'><strong>ad</strong></span> 
     </span>
     <span class='ocr_line' id='line_1_10' title="bbox 223 1132 1130 1208; baseline 0.001 -20"><span class='ocrx_word' id='word_1_68' title='bbox 223 1133 287 1203; x_wconf 82' lang='lat' dir='ltr'><strong>hoe,</strong></span> <span class='ocrx_word' id='word_1_69' title='bbox 305 1135 372 1205; x_wconf 77' lang='lat' dir='ltr'><strong>quis</strong></span> <span class='ocrx_word' id='word_1_70' title='bbox 389 1149 471 1204; x_wconf 80' lang='lat' dir='ltr'><strong>saepe</strong></span> <span class='ocrx_word' id='word_1_71' title='bbox 496 1132 616 1190; x_wconf 82' lang='lat' dir='ltr'><strong>libenter</strong></span> <span class='ocrx_word' id='word_1_72' title='bbox 634 1135 736 1206; x_wconf 86' lang='lat' dir='ltr'><strong>aliquis</strong></span> <span class='ocrx_word' id='word_1_73' title='bbox 755 1134 860 1206; x_wconf 82' lang='lat' dir='ltr'><strong>patitur</strong></span> <span class='ocrx_word' id='word_1_74' title='bbox 877 1135 1012 1208; x_wconf 82' lang='lat' dir='ltr'><strong>quasdam</strong></span> <span class='ocrx_word' id='word_1_75' title='bbox 1028 1135 1059 1189; x_wconf 90' lang='lat' dir='ltr'><strong>in</strong></span> <span class='ocrx_word' id='word_1_76' title='bbox 1078 1151 1130 1189; x_wconf 86' lang='lat' dir='ltr'><strong>sua</strong></span> 
     </span>
     <span class='ocr_line' id='line_1_11' title="bbox 224 1217 1130 1292; baseline -0.001 -18"><span class='ocrx_word' id='word_1_77' title='bbox 224 1233 345 1290; x_wconf 74' lang='lat' dir='ltr'><strong>persona</strong></span> <span class='ocrx_word' id='word_1_78' title='bbox 370 1217 524 1287; x_wconf 83' lang='lat' dir='ltr'><strong>molestias,</strong></span> <span class='ocrx_word' id='word_1_79' title='bbox 549 1233 586 1275; x_wconf 88' lang='lat' dir='ltr'><strong>ne</strong></span> <span class='ocrx_word' id='word_1_80' title='bbox 609 1219 733 1276; x_wconf 83' lang='lat' dir='ltr'><strong>maiores</strong></span> <span class='ocrx_word' id='word_1_81' title='bbox 751 1221 875 1292; x_wconf 80' lang='lat' dir='ltr'><strong>patiatur</strong></span> <span class='ocrx_word' id='word_1_82' title='bbox 898 1220 927 1274; x_wconf 91' lang='lat' dir='ltr'><strong>in</strong></span> <span class='ocrx_word' id='word_1_83' title='bbox 946 1220 1031 1277; x_wconf 85' lang='lat' dir='ltr'><strong>rebus</strong></span> <span class='ocrx_word' id='word_1_84' title='bbox 1050 1219 1130 1274; x_wconf 81' lang='lat' dir='ltr'><strong>suis?</strong></span> 
     </span>
     <span class='ocr_line' id='line_1_12' title="bbox 191 1301 1131 1377; baseline 0.004 -22"><span class='ocrx_word' id='word_1_85' title='bbox 191 1303 296 1358; x_wconf 78' lang='lat' dir='ltr'><strong>tlBor.</strong></span> <span class='ocrx_word' id='word_1_86' title='bbox 321 1301 393 1368; x_wconf 70' lang='lat' dir='ltr'><strong>Quia</strong></span> <span class='ocrx_word' id='word_1_87' title='bbox 411 1302 489 1359; x_wconf 83' lang='lat' dir='ltr'><strong>Dens</strong></span> <span class='ocrx_word' id='word_1_88' title='bbox 506 1320 562 1360; x_wconf 84' lang='lat' dir='ltr'><strong>non</strong></span> <span class='ocrx_word' id='word_1_89' title='bbox 580 1311 645 1376; x_wconf 78' lang='lat' dir='ltr'><strong>eget</strong></span> <span class='ocrx_word' id='word_1_90' title='bbox 660 1303 714 1360; x_wconf 83' lang='lat' dir='ltr'><strong>hae</strong></span> <span class='ocrx_word' id='word_1_91' title='bbox 729 1305 880 1377; x_wconf 80' lang='lat' dir='ltr'><strong>patientia,</strong></span> <span class='ocrx_word' id='word_1_92' title='bbox 902 1305 981 1361; x_wconf 83' lang='lat' dir='ltr'><strong>euius</strong></span> <span class='ocrx_word' id='word_1_93' title='bbox 999 1305 1131 1376; x_wconf 79' lang='lat' dir='ltr'><strong>potestati</strong></span> 
     </span>
     <span class='ocr_line' id='line_1_13' title="bbox 226 1379 1131 1461; baseline 0 -19"><span class='ocrx_word' id='word_1_94' title='bbox 226 1379 320 1444; x_wconf 85' lang='lat' dir='ltr'><strong>omnia</strong></span> <span class='ocrx_word' id='word_1_95' title='bbox 337 1388 495 1459; x_wconf 69' lang='lat' dir='ltr'><strong>subierant,</strong></span> <span class='ocrx_word' id='word_1_96' title='bbox 513 1385 587 1444; x_wconf 77' lang='lat' dir='ltr'><strong>sient</strong></span> <span class='ocrx_word' id='word_1_97' title='bbox 602 1395 634 1444; x_wconf 88' lang='lat' dir='ltr'><strong>tu</strong></span> <span class='ocrx_word' id='word_1_98' title='bbox 651 1406 737 1461; x_wconf 87' lang='lat' dir='ltr'><strong>snpra</strong></span> <span class='ocrx_word' id='word_1_99' title='bbox 754 1391 865 1446; x_wconf 84' lang='lat' dir='ltr'><strong>euidam</strong></span> <span class='ocrx_word' id='word_1_100' title='bbox 881 1407 960 1446; x_wconf 82' lang='lat' dir='ltr'><strong>meos</strong></span> <span class='ocrx_word' id='word_1_101' title='bbox 977 1389 1131 1460; x_wconf 82' lang='lat' dir='ltr'><strong>interroga·</strong></span> 
     </span>
     <span class='ocr_line' id='line_1_14' title="bbox 176 1473 1132 1548; baseline 0.003 -22"><span class='ocrx_word' id='word_1_102' title='bbox 176 1473 295 1528; x_wconf 75' lang='lat' dir='ltr'><strong>iltioni</strong></span> <span class='ocrx_word' id='word_1_103' title='bbox 314 1474 491 1546; x_wconf 83' lang='lat' dir='ltr'><strong>respondisti.</strong></span> <span class='ocrx_word' id='word_1_104' title='bbox 500 1474 520 1540; x_wconf 92' lang='lat'><strong>¹)</strong></span> <span class='ocrx_word' id='word_1_105' title='bbox 547 1475 618 1529; x_wconf 78' lang='lat' dir='ltr'><strong>Ans.</strong></span> <span class='ocrx_word' id='word_1_106' title='bbox 637 1474 715 1530; x_wconf 85' lang='lat' dir='ltr'><strong>Bene</strong></span> <span class='ocrx_word' id='word_1_107' title='bbox 731 1477 896 1548; x_wconf 55' lang='lat' dir='ltr'><strong>respondem</strong></span> <span class='ocrx_word' id='word_1_108' title='bbox 913 1476 1038 1532; x_wconf 84' lang='lat' dir='ltr'><strong>videmus</strong></span> <span class='ocrx_word' id='word_1_109' title='bbox 1056 1489 1132 1545; x_wconf 81' lang='lat' dir='ltr'><strong>ergo,</strong></span> 
     </span>
     <span class='ocr_line' id='line_1_15' title="bbox 227 1558 1132 1632; baseline -0.002 -18"><span class='ocrx_word' id='word_1_110' title='bbox 227 1558 294 1632; x_wconf 84' lang='lat' dir='ltr'><strong>quia</strong></span> <span class='ocrx_word' id='word_1_111' title='bbox 316 1558 460 1616; x_wconf 82' lang='lat' dir='ltr'><strong>violationi</strong></span> <span class='ocrx_word' id='word_1_112' title='bbox 481 1559 729 1632; x_wconf 75' lang='lat' dir='ltr'><strong>ritaeoorporalis</strong></span> <span class='ocrx_word' id='word_1_113' title='bbox 750 1561 833 1616; x_wconf 83' lang='lat' dir='ltr'><strong>haim</strong></span> <span class='ocrx_word' id='word_1_114' title='bbox 850 1561 968 1616; x_wconf 89' lang='lat' dir='ltr'><strong>hominis</strong></span> <span class='ocrx_word' id='word_1_115' title='bbox 984 1559 1063 1614; x_wconf 82' lang='lat' dir='ltr'><strong>nulla</strong></span> <span class='ocrx_word' id='word_1_116' title='bbox 1081 1558 1132 1612; x_wconf 89' lang='lat' dir='ltr'><strong>im-</strong></span> 
     </span>
    </p>
   </div>
   <div class='ocr_carea' id='block_1_3' title="bbox 162 1641 1133 1891">
    <p class='ocr_par' dir='ltr' id='par_1_3' title="bbox 162 1641 1133 1891">
     <span class='ocr_line' id='line_1_16' title="bbox 226 1641 1133 1718; baseline 0.002 -22"><span class='ocrx_word' id='word_1_117' title='bbox 226 1641 366 1705; x_wconf 85' lang='lat' dir='ltr'><strong>mensitas¹</strong></span> <span class='ocrx_word' id='word_1_118' title='bbox 382 1643 427 1699; x_wconf 84' lang='lat' dir='ltr'><strong>vel</strong></span> <span class='ocrx_word' id='word_1_119' title='bbox 450 1643 599 1700; x_wconf 87' lang='lat' dir='ltr'><strong>multitudo</strong></span> <span class='ocrx_word' id='word_1_120' title='bbox 627 1653 805 1717; x_wconf 83' lang='lat' dir='ltr'><strong>peecatorum</strong></span> <span class='ocrx_word' id='word_1_121' title='bbox 822 1653 899 1703; x_wconf 86' lang='lat' dir='ltr'><strong>extra</strong></span> <span class='ocrx_word' id='word_1_122' title='bbox 914 1662 1061 1718; x_wconf 76' lang='lat' dir='ltr'><strong>personam</strong></span> <span class='ocrx_word' id='word_1_123' title='bbox 1076 1642 1133 1698; x_wconf 91' lang='lat' dir='ltr'><strong>Dei</strong></span> 
     </span>
     <span class='ocr_line' id='line_1_17' title="bbox 175 1725 1132 1802; baseline 0 -19"><span class='ocrx_word' id='word_1_124' title='bbox 175 1725 207 1778; x_wconf 92' lang='grc'><strong>11</strong></span> <span class='ocrx_word' id='word_1_125' title='bbox 226 1727 380 1800; x_wconf 77' lang='lat' dir='ltr'><strong>comparari</strong></span> <span class='ocrx_word' id='word_1_126' title='bbox 396 1728 480 1795; x_wconf 84' lang='lat' dir='ltr'><strong>valet.</strong></span> <span class='ocrx_word' id='word_1_127' title='bbox 513 1731 583 1785; x_wconf 87' lang='lat' dir='ltr'><strong>Bos.</strong></span> <span class='ocrx_word' id='word_1_128' title='bbox 616 1729 830 1802; x_wconf 83' lang='lat' dir='ltr'><strong>Apertissimum</strong></span> <span class='ocrx_word' id='word_1_129' title='bbox 851 1739 900 1788; x_wconf 88' lang='lat' dir='ltr'><strong>est.</strong></span> <span class='ocrx_word' id='word_1_130' title='bbox 938 1731 1007 1784; x_wconf 79' lang='lat' dir='ltr'><strong>Ans.</strong></span> <span class='ocrx_word' id='word_1_131' title='bbox 1040 1727 1132 1794; x_wconf 82' lang='lat' dir='ltr'><strong>Qum·</strong></span> 
     </span>
     <span class='ocr_line' id='line_1_18' title="bbox 162 1809 1132 1891; baseline -0.001 -24"><span class='ocrx_word' id='word_1_132' title='bbox 162 1843 163 1848; x_wconf 21' lang='grc' dir='ltr'><strong>κ</strong></span> <span class='ocrx_word' id='word_1_133' title='bbox 225 1820 285 1891; x_wconf 84' lang='lat' dir='ltr'><strong>tum</strong></span> <span class='ocrx_word' id='word_1_134' title='bbox 302 1809 406 1869; x_wconf 88' lang='lat' dir='ltr'><strong>bonum</strong></span> <span class='ocrx_word' id='word_1_135' title='bbox 421 1811 476 1869; x_wconf 82' lang='lat' dir='ltr'><strong>tibi</strong></span> <span class='ocrx_word' id='word_1_136' title='bbox 493 1813 610 1885; x_wconf 83' lang='lat' dir='ltr'><strong>videtur,</strong></span> <span class='ocrx_word' id='word_1_137' title='bbox 629 1815 708 1870; x_wconf 89' lang='lat' dir='ltr'><strong>ouius</strong></span> <span class='ocrx_word' id='word_1_138' title='bbox 728 1815 884 1872; x_wconf 88' lang='lat' dir='ltr'><strong>interemtio</strong></span> <span class='ocrx_word' id='word_1_139' title='bbox 903 1821 961 1870; x_wconf 86' lang='lat' dir='ltr'><strong>tam</strong></span> <span class='ocrx_word' id='word_1_140' title='bbox 979 1813 1054 1870; x_wconf 80' lang='lat' dir='ltr'><strong>mala</strong></span> <span class='ocrx_word' id='word_1_141' title='bbox 1071 1811 1132 1869; x_wconf 78' lang='lat' dir='ltr'><strong>est?</strong></span> 
     </span>
    </p>
   </div>
   <div class='ocr_carea' id='block_1_4' title="bbox 177 1895 1213 3164">
    <p class='ocr_par' dir='ltr' id='par_1_4' title="bbox 177 1895 1213 3164">
     <span class='ocr_line' id='line_1_19' title="bbox 225 1895 1134 1974; baseline -0.001 -20"><span class='ocrx_word' id='word_1_142' title='bbox 225 1895 294 1954; x_wconf 78' lang='lat' dir='ltr'><strong>Boo.</strong></span> <span class='ocrx_word' id='word_1_143' title='bbox 328 1897 359 1955; x_wconf 80' lang='lat' dir='ltr'><strong>ei</strong></span> <span class='ocrx_word' id='word_1_144' title='bbox 381 1915 442 1955; x_wconf 85' lang='lat' dir='ltr'><strong>esse</strong></span> <span class='ocrx_word' id='word_1_145' title='bbox 463 1897 523 1954; x_wconf 87' lang='lat' dir='ltr'><strong>eius</strong></span> <span class='ocrx_word' id='word_1_146' title='bbox 545 1899 730 1956; x_wconf 58' lang='lat' dir='ltr'><strong>tamabonum</strong></span> <span class='ocrx_word' id='word_1_147' title='bbox 757 1905 799 1957; x_wconf 89' lang='lat' dir='ltr'><strong>est</strong></span> <span class='ocrx_word' id='word_1_148' title='bbox 821 1919 905 1974; x_wconf 87' lang='lat' dir='ltr'><strong>quam</strong></span> <span class='ocrx_word' id='word_1_149' title='bbox 920 1899 994 1956; x_wconf 86' lang='lat' dir='ltr'><strong>mala</strong></span> <span class='ocrx_word' id='word_1_150' title='bbox 1011 1905 1054 1956; x_wconf 88' lang='lat' dir='ltr'><strong>est</strong></span> <span class='ocrx_word' id='word_1_151' title='bbox 1073 1897 1134 1955; x_wconf 80' lang='lat' dir='ltr'><strong>eius</strong></span> 
     </span>
     <span class='ocr_line' id='line_1_20' title="bbox 227 1980 1213 2057; baseline -0.001 -20"><span class='ocrx_word' id='word_1_152' title='bbox 227 1980 392 2050; x_wconf 73' lang='lat' dir='ltr'><strong>destructio,</strong></span> <span class='ocrx_word' id='word_1_153' title='bbox 416 1981 481 2056; x_wconf 86' lang='lat' dir='ltr'><strong>plus</strong></span> <span class='ocrx_word' id='word_1_154' title='bbox 509 1991 552 2040; x_wconf 88' lang='grc' dir='ltr'><strong>εει</strong></span> <span class='ocrx_word' id='word_1_155' title='bbox 573 1983 678 2042; x_wconf 84' lang='lat' dir='ltr'><strong>bonum</strong></span> <span class='ocrx_word' id='word_1_156' title='bbox 702 1983 956 2056; x_wconf 76' lang='lat' dir='ltr'><strong>incomparabiliter</strong></span> <span class='ocrx_word' id='word_1_157' title='bbox 977 2002 1062 2057; x_wconf 88' lang='lat' dir='ltr'><strong>quam</strong></span> <span class='ocrx_word' id='word_1_158' title='bbox 1077 1985 1134 2040; x_wconf 88' lang='lat' dir='ltr'><strong>sint</strong></span> <span class='ocrx_word' id='word_1_159' title='bbox 1170 2008 1173 2014; x_wconf 93' lang='lat'>·</span> <span class='ocrx_word' id='word_1_160' title='bbox 1210 2029 1213 2036; x_wconf 87' lang='lat'><em>.</em></span> 
     </span>
     <span class='ocr_line' id='line_1_21' title="bbox 227 2067 1133 2141; baseline 0.004 -19"><span class='ocrx_word' id='word_1_161' title='bbox 227 2083 261 2122; x_wconf 82' lang='lat' dir='ltr'><strong>aa</strong></span> <span class='ocrx_word' id='word_1_162' title='bbox 284 2074 402 2138; x_wconf 79' lang='lat' dir='ltr'><strong>peceato</strong></span> <span class='ocrx_word' id='word_1_163' title='bbox 422 2067 510 2140; x_wconf 84' lang='lat' dir='ltr'><strong>mala,</strong></span> <span class='ocrx_word' id='word_1_164' title='bbox 535 2085 607 2140; x_wconf 85' lang='lat' dir='ltr'><strong>quae</strong></span> <span class='ocrx_word' id='word_1_165' title='bbox 633 2069 692 2125; x_wconf 88' lang='lat' dir='ltr'><strong>sine</strong></span> <span class='ocrx_word' id='word_1_166' title='bbox 715 2068 905 2126; x_wconf 80' lang='lat' dir='ltr'><strong>aestimatione</strong></span> <span class='ocrx_word' id='word_1_167' title='bbox 933 2077 1047 2141; x_wconf 86' lang='lat' dir='ltr'><strong>superat</strong></span> <span class='ocrx_word' id='word_1_168' title='bbox 1074 2070 1133 2126; x_wconf 88' lang='lat' dir='ltr'><strong>eius</strong></span> 
     </span>
     <span class='ocr_line' id='line_1_22' title="bbox 177 2145 1134 2228; baseline 0.003 -22"><span class='ocrx_word' id='word_1_169' title='bbox 177 2145 210 2202; x_wconf 82' lang='lat'><strong>12</strong></span> <span class='ocrx_word' id='word_1_170' title='bbox 227 2151 391 2210; x_wconf 87' lang='lat' dir='ltr'><strong>interemtio.</strong></span> <span class='ocrx_word' id='word_1_171' title='bbox 423 2155 490 2210; x_wconf 69' lang='lat' dir='ltr'><strong>Am.</strong></span> <span class='ocrx_word' id='word_1_172' title='bbox 521 2153 627 2210; x_wconf 86' lang='lat' dir='ltr'><strong>Verum</strong></span> <span class='ocrx_word' id='word_1_173' title='bbox 645 2154 723 2209; x_wconf 85' lang='lat' dir='ltr'><strong>diois.</strong></span> <span class='ocrx_word' id='word_1_174' title='bbox 758 2154 858 2228; x_wconf 78' lang='lat' dir='ltr'><strong>Cogita</strong></span> <span class='ocrx_word' id='word_1_175' title='bbox 877 2155 968 2225; x_wconf 87' lang='lat' dir='ltr'><strong>etiam,</strong></span> <span class='ocrx_word' id='word_1_176' title='bbox 987 2155 1053 2228; x_wconf 89' lang='lat' dir='ltr'><strong>quia</strong></span> <span class='ocrx_word' id='word_1_177' title='bbox 1069 2171 1134 2226; x_wconf 86' lang='lat' dir='ltr'><strong>peo-</strong></span> 
     </span>
     <span class='ocr_line' id='line_1_23' title="bbox 227 2239 1135 2311; baseline 0.004 -19"><span class='ocrx_word' id='word_1_178' title='bbox 227 2245 290 2293; x_wconf 84' lang='lat' dir='ltr'><strong>oata</strong></span> <span class='ocrx_word' id='word_1_179' title='bbox 312 2245 421 2304; x_wconf 73' lang='lat' dir='ltr'><strong>tannim</strong></span> <span class='ocrx_word' id='word_1_180' title='bbox 448 2239 657 2310; x_wconf 68' lang='lat' dir='ltr'><strong>sumomonte,</strong></span> <span class='ocrx_word' id='word_1_181' title='bbox 682 2248 816 2311; x_wconf 87' lang='lat' dir='ltr'><strong>quantum</strong></span> <span class='ocrx_word' id='word_1_182' title='bbox 835 2248 900 2297; x_wconf 88' lang='lat' dir='ltr'><strong>sunt</strong></span> <span class='ocrx_word' id='word_1_183' title='bbox 917 2241 1005 2304; x_wconf 79' lang='lat' dir='ltr'><strong>mala3</strong></span> <span class='ocrx_word' id='word_1_184' title='bbox 1031 2248 1059 2296; x_wconf 86' lang='lat' dir='ltr'><strong>et</strong></span> <span class='ocrx_word' id='word_1_185' title='bbox 1075 2241 1135 2296; x_wconf 78' lang='lat' dir='ltr'><strong>vita</strong></span> 
     </span>
     <span class='ocr_line' id='line_1_24' title="bbox 220 2319 1133 2396; baseline 0.002 -20"><span class='ocrx_word' id='word_1_186' title='bbox 220 2319 282 2377; x_wconf 79' lang='lat' dir='ltr'><strong>¹ista</strong></span> <span class='ocrx_word' id='word_1_187' title='bbox 297 2330 407 2380; x_wconf 89' lang='lat' dir='ltr'><strong>tantum</strong></span> <span class='ocrx_word' id='word_1_188' title='bbox 433 2323 561 2382; x_wconf 86' lang='lat' dir='ltr'><strong>amabilis</strong></span> <span class='ocrx_word' id='word_1_189' title='bbox 579 2333 634 2396; x_wconf 87' lang='lat' dir='ltr'><strong>est,</strong></span> <span class='ocrx_word' id='word_1_190' title='bbox 663 2331 799 2395; x_wconf 87' lang='lat' dir='ltr'><strong>quantum</strong></span> <span class='ocrx_word' id='word_1_191' title='bbox 814 2331 857 2381; x_wconf 86' lang='lat' dir='ltr'><strong>est</strong></span> <span class='ocrx_word' id='word_1_192' title='bbox 873 2326 954 2383; x_wconf 84' lang='lat' dir='ltr'><strong>bona.</strong></span> <span class='ocrx_word' id='word_1_193' title='bbox 989 2323 1073 2382; x_wconf 86' lang='lat' dir='ltr'><strong>Unde</strong></span> <span class='ocrx_word' id='word_1_194' title='bbox 1091 2340 1133 2378; x_wconf 88' lang='lat' dir='ltr'><strong>se·</strong></span> 
     </span>
     <span class='ocr_line' id='line_1_25' title="bbox 227 2407 1134 2482; baseline -0.002 -17"><span class='ocrx_word' id='word_1_195' title='bbox 227 2409 334 2480; x_wconf 86' lang='lat' dir='ltr'><strong>quitur,</strong></span> <span class='ocrx_word' id='word_1_196' title='bbox 358 2407 425 2482; x_wconf 87' lang='lat' dir='ltr'><strong>quia</strong></span> <span class='ocrx_word' id='word_1_197' title='bbox 447 2409 506 2464; x_wconf 83' lang='lat' dir='ltr'><strong>vita</strong></span> <span class='ocrx_word' id='word_1_198' title='bbox 531 2411 585 2465; x_wconf 87' lang='lat' dir='ltr'><strong>ista</strong></span> <span class='ocrx_word' id='word_1_199' title='bbox 608 2411 672 2481; x_wconf 90' lang='lat' dir='ltr'><strong>plus</strong></span> <span class='ocrx_word' id='word_1_200' title='bbox 690 2417 732 2466; x_wconf 89' lang='grc' dir='ltr'><strong>εει</strong></span> <span class='ocrx_word' id='word_1_201' title='bbox 750 2409 876 2466; x_wconf 86' lang='lat' dir='ltr'><strong>amabilis</strong></span> <span class='ocrx_word' id='word_1_202' title='bbox 896 2428 980 2482; x_wconf 88' lang='lat' dir='ltr'><strong>quam</strong></span> <span class='ocrx_word' id='word_1_203' title='bbox 998 2410 1054 2464; x_wconf 89' lang='lat' dir='ltr'><strong>sint</strong></span> <span class='ocrx_word' id='word_1_204' title='bbox 1068 2424 1134 2479; x_wconf 89' lang='lat' dir='ltr'><strong>pso·</strong></span> 
     </span>
     <span class='ocr_line' id='line_1_26' title="bbox 228 2491 1133 2570; baseline 0 -22"><span class='ocrx_word' id='word_1_205' title='bbox 228 2499 294 2549; x_wconf 83' lang='lat' dir='ltr'><strong>cata</strong></span> <span class='ocrx_word' id='word_1_206' title='bbox 314 2491 438 2550; x_wconf 80' lang='lat' dir='ltr'><strong>odibilia.</strong></span> <span class='ocrx_word' id='word_1_207' title='bbox 479 2496 548 2551; x_wconf 80' lang='lat' dir='ltr'><strong>Bos.</strong></span> <span class='ocrx_word' id='word_1_208' title='bbox 584 2495 648 2553; x_wconf 87' lang='lat' dir='ltr'><strong>Non</strong></span> <span class='ocrx_word' id='word_1_209' title='bbox 672 2513 786 2570; x_wconf 88' lang='lat' dir='ltr'><strong>possum</strong></span> <span class='ocrx_word' id='word_1_210' title='bbox 811 2495 866 2554; x_wconf 88' lang='lat' dir='ltr'><strong>hoo</strong></span> <span class='ocrx_word' id='word_1_211' title='bbox 890 2513 947 2551; x_wconf 89' lang='lat' dir='ltr'><strong>non</strong></span> <span class='ocrx_word' id='word_1_212' title='bbox 971 2493 1133 2566; x_wconf 77' lang='lat' dir='ltr'><strong>intelligere</strong></span> 
     </span>
     <span class='ocr_line' id='line_1_27' title="bbox 178 2575 1134 2654; baseline 0.003 -24"><span class='ocrx_word' id='word_1_213' title='bbox 178 2575 210 2630; x_wconf 83' lang='lat' dir='ltr'><strong>te</strong></span> <span class='ocrx_word' id='word_1_214' title='bbox 228 2579 297 2632; x_wconf 79' lang='lat' dir='ltr'><strong>Ans.</strong></span> <span class='ocrx_word' id='word_1_215' title='bbox 315 2577 441 2636; x_wconf 78' lang='lat' dir='ltr'><strong>Putasne</strong></span> <span class='ocrx_word' id='word_1_216' title='bbox 457 2585 564 2635; x_wconf 86' lang='lat' dir='ltr'><strong>tantum</strong></span> <span class='ocrx_word' id='word_1_217' title='bbox 582 2581 688 2636; x_wconf 90' lang='lat' dir='ltr'><strong>bonum</strong></span> <span class='ocrx_word' id='word_1_218' title='bbox 704 2589 763 2636; x_wconf 86' lang='lat' dir='ltr'><strong>tam</strong></span> <span class='ocrx_word' id='word_1_219' title='bbox 780 2578 900 2636; x_wconf 85' lang='lat' dir='ltr'><strong>amabile</strong></span> <span class='ocrx_word' id='word_1_220' title='bbox 910 2596 992 2654; x_wconf 88' lang='lat' dir='ltr'><strong>posse</strong></span> <span class='ocrx_word' id='word_1_221' title='bbox 1006 2577 1134 2634; x_wconf 77' lang='lat' dir='ltr'><strong>sufficere</strong></span> 
     </span>
     <span class='ocr_line' id='line_1_28' title="bbox 228 2659 1133 2738; baseline 0.001 -22"><span class='ocrx_word' id='word_1_222' title='bbox 228 2661 266 2716; x_wconf 82' lang='lat' dir='ltr'><strong>ad</strong></span> <span class='ocrx_word' id='word_1_223' title='bbox 282 2659 444 2726; x_wconf 71' lang='lat' dir='ltr'><strong>solvendam</strong></span> <span class='ocrx_word' id='word_1_224' title='bbox 463 2667 538 2738; x_wconf 87' lang='lat' dir='ltr'><strong>quod</strong></span> <span class='ocrx_word' id='word_1_225' title='bbox 561 2665 678 2722; x_wconf 86' lang='lat' dir='ltr'><strong>debetur</strong></span> <span class='ocrx_word' id='word_1_226' title='bbox 700 2683 752 2737; x_wconf 87' lang='lat' dir='ltr'><strong>pro</strong></span> <span class='ocrx_word' id='word_1_227' title='bbox 776 2665 899 2738; x_wconf 80' lang='lat' dir='ltr'><strong>peccatis</strong></span> <span class='ocrx_word' id='word_1_228' title='bbox 915 2665 1000 2721; x_wconf 88' lang='lat' dir='ltr'><strong>totius</strong></span> <span class='ocrx_word' id='word_1_229' title='bbox 1018 2663 1133 2718; x_wconf 81' lang='lat' dir='ltr'><strong>mundi?</strong></span> 
     </span>
     <span class='ocr_line' id='line_1_29' title="bbox 180 2747 1136 2823; baseline 0.002 -21"><span class='ocrx_word' id='word_1_230' title='bbox 180 2749 213 2802; x_wconf 76' lang='lat'><strong>14</strong></span> <span class='ocrx_word' id='word_1_231' title='bbox 230 2747 298 2802; x_wconf 81' lang='lat' dir='ltr'><strong>Boe.</strong></span> <span class='ocrx_word' id='word_1_232' title='bbox 333 2748 394 2804; x_wconf 92' lang='lat' dir='ltr'><strong>lmo</strong></span> <span class='ocrx_word' id='word_1_233' title='bbox 416 2750 480 2821; x_wconf 84' lang='lat' dir='ltr'><strong>plus</strong></span> <span class='ocrx_word' id='word_1_234' title='bbox 496 2755 591 2823; x_wconf 86' lang='lat' dir='ltr'><strong>potest</strong></span> <span class='ocrx_word' id='word_1_235' title='bbox 607 2749 637 2806; x_wconf 89' lang='lat' dir='ltr'><strong>in</strong></span> <span class='ocrx_word' id='word_1_236' title='bbox 653 2749 801 2807; x_wconf 87' lang='lat' dir='ltr'><strong>infinitum.</strong></span> <span class='ocrx_word' id='word_1_237' title='bbox 835 2751 904 2806; x_wconf 81' lang='lat' dir='ltr'><strong>Ans.</strong></span> <span class='ocrx_word' id='word_1_238' title='bbox 932 2750 1019 2807; x_wconf 87' lang='lat' dir='ltr'><strong>Vides</strong></span> <span class='ocrx_word' id='word_1_239' title='bbox 1038 2749 1136 2822; x_wconf 76' lang='lat' dir='ltr'><strong>igitur,</strong></span> 
     </span>
     <span class='ocr_line' id='line_1_30' title="bbox 205 2827 1135 2908; baseline 0.001 -20"><span class='ocrx_word' id='word_1_240' title='bbox 205 2827 207 2834; x_wconf 79' lang='lat'>&#39;</span> <span class='ocrx_word' id='word_1_241' title='bbox 230 2833 369 2906; x_wconf 80' lang='lat' dir='ltr'><strong>quomodo</strong></span> <span class='ocrx_word' id='word_1_242' title='bbox 392 2835 454 2891; x_wconf 77' lang='lat' dir='ltr'><strong>rite</strong></span> <span class='ocrx_word' id='word_1_243' title='bbox 478 2836 548 2893; x_wconf 80' lang='lat' dir='ltr'><strong>haee</strong></span> <span class='ocrx_word' id='word_1_244' title='bbox 572 2838 667 2893; x_wconf 84' lang='lat' dir='ltr'><strong>rinoat</strong></span> <span class='ocrx_word' id='word_1_245' title='bbox 688 2835 786 2892; x_wconf 81' lang='lat' dir='ltr'><strong>&#39;omnia</strong></span> <span class='ocrx_word' id='word_1_246' title='bbox 808 2843 936 2908; x_wconf 81' lang='lat' dir='ltr'><strong>peecata,</strong></span> <span class='ocrx_word' id='word_1_247' title='bbox 964 2834 988 2890; x_wconf 91' lang='lat' dir='ltr'><strong>si</strong></span> <span class='ocrx_word' id='word_1_248' title='bbox 1010 2852 1061 2908; x_wconf 90' lang='lat' dir='ltr'><strong>pro</strong></span> <span class='ocrx_word' id='word_1_249' title='bbox 1080 2834 1135 2889; x_wconf 85' lang='lat' dir='ltr'><strong>illis</strong></span> 
     </span>
     <span class='ocr_line' id='line_1_31' title="bbox 229 2919 1135 2995; baseline 0.001 -21"><span class='ocrx_word' id='word_1_250' title='bbox 229 2919 318 2976; x_wconf 84' lang='lat' dir='ltr'><strong>detur.</strong></span> <span class='ocrx_word' id='word_1_251' title='bbox 357 2920 426 2975; x_wconf 82' lang='lat' dir='ltr'><strong>Bos.</strong></span> <span class='ocrx_word' id='word_1_252' title='bbox 446 2920 561 2993; x_wconf 84' lang='lat' dir='ltr'><strong>Aperte.</strong></span> <span class='ocrx_word' id='word_1_253' title='bbox 598 2923 666 2976; x_wconf 78' lang='lat' dir='ltr'><strong>Ano.</strong></span> <span class='ocrx_word' id='word_1_254' title='bbox 686 2921 715 2979; x_wconf 83' lang='lat' dir='ltr'><strong>Si</strong></span> <span class='ocrx_word' id='word_1_255' title='bbox 734 2939 800 2995; x_wconf 84' lang='lat' dir='ltr'><strong>ergo</strong></span> <span class='ocrx_word' id='word_1_256' title='bbox 818 2922 884 2978; x_wconf 83' lang='lat' dir='ltr'><strong>(lare</strong></span> <span class='ocrx_word' id='word_1_257' title='bbox 901 2921 986 2977; x_wconf 87' lang='lat' dir='ltr'><strong>vitam</strong></span> <span class='ocrx_word' id='word_1_258' title='bbox 1005 2928 1047 2978; x_wconf 86' lang='lat' dir='ltr'><strong>eat</strong></span> <span class='ocrx_word' id='word_1_259' title='bbox 1064 2938 1135 2976; x_wconf 89' lang='lat' dir='ltr'><strong>mor·</strong></span> 
     </span>
     <span class='ocr_line' id='line_1_32' title="bbox 228 3004 1135 3078; baseline 0.003 -19"><span class='ocrx_word' id='word_1_260' title='bbox 228 3010 286 3060; x_wconf 85' lang='lat' dir='ltr'><strong>tem</strong></span> <span class='ocrx_word' id='word_1_261' title='bbox 309 3005 452 3078; x_wconf 79' lang='lat' dir='ltr'><strong>accipere;</strong></span> <span class='ocrx_word' id='word_1_262' title='bbox 484 3005 557 3060; x_wconf 89' lang='lat' dir='ltr'><strong>siout</strong></span> <span class='ocrx_word' id='word_1_263' title='bbox 580 3005 656 3062; x_wconf 85' lang='lat' dir='ltr'><strong>datio</strong></span> <span class='ocrx_word' id='word_1_264' title='bbox 678 3004 761 3064; x_wconf 88' lang='lat' dir='ltr'><strong>huius</strong></span> <span class='ocrx_word' id='word_1_265' title='bbox 784 3005 858 3063; x_wconf 85' lang='lat' dir='ltr'><strong>vitae</strong></span> <span class='ocrx_word' id='word_1_266' title='bbox 880 3005 1022 3078; x_wconf 81' lang='lat' dir='ltr'><strong>praevalet</strong></span> <span class='ocrx_word' id='word_1_267' title='bbox 1048 3006 1135 3064; x_wconf 88' lang='lat' dir='ltr'><strong>omni·</strong></span> 
     </span>
     <span class='ocr_line' id='line_1_33' title="bbox 229 3087 960 3164; baseline 0.005 -20"><span class='ocrx_word' id='word_1_268' title='bbox 229 3087 283 3144; x_wconf 85' lang='lat' dir='ltr'><strong>bus</strong></span> <span class='ocrx_word' id='word_1_269' title='bbox 296 3087 440 3146; x_wconf 83' lang='lat' dir='ltr'><strong>bominum</strong></span> <span class='ocrx_word' id='word_1_270' title='bbox 458 3090 588 3162; x_wconf 74' lang='lat' dir='ltr'><strong>poscatis,</strong></span> <span class='ocrx_word' id='word_1_271' title='bbox 608 3091 648 3147; x_wconf 85' lang='lat' dir='ltr'><strong>ita</strong></span> <span class='ocrx_word' id='word_1_272' title='bbox 667 3097 697 3147; x_wconf 87' lang='lat' dir='ltr'><strong>st</strong></span> <span class='ocrx_word' id='word_1_273' title='bbox 712 3092 838 3164; x_wconf 78' lang='lat' dir='ltr'><strong>acceptio</strong></span> <span class='ocrx_word' id='word_1_274' title='bbox 856 3090 960 3148; x_wconf 86' lang='lat' dir='ltr'><strong>mortis.</strong></span> 
     </span>
    </p>
   </div>
   <div class='ocr_carea' id='block_1_5' title="bbox 301 3342 804 3415">
    <p class='ocr_par' dir='ltr' id='par_1_5' title="bbox 301 3342 804 3415">
     <span class='ocr_line' id='line_1_34' title="bbox 301 3342 804 3415; baseline 0.006 -17"><span class='ocrx_word' id='word_1_275' title='bbox 301 3346 327 3409; x_wconf 88' lang='lat'><strong>1)</strong></span> <span class='ocrx_word' id='word_1_276' title='bbox 343 3342 418 3401; x_wconf 84' lang='lat' dir='ltr'><strong>Vide</strong></span> <span class='ocrx_word' id='word_1_277' title='bbox 434 3343 497 3401; x_wconf 88' lang='lat' dir='ltr'><strong>Lib.</strong></span> <span class='ocrx_word' id='word_1_278' title='bbox 516 3342 539 3399; x_wconf 93' lang='lat'><strong>1.</strong></span> <span class='ocrx_word' id='word_1_279' title='bbox 558 3359 582 3398; x_wconf 89' lang='lat' dir='ltr'><strong>o.</strong></span> <span class='ocrx_word' id='word_1_280' title='bbox 604 3351 650 3413; x_wconf 83' lang='lat'><strong>153</strong></span> <span class='ocrx_word' id='word_1_281' title='bbox 668 3349 711 3413; x_wconf 78' lang='lat'><strong>21,</strong></span> <span class='ocrx_word' id='word_1_282' title='bbox 729 3350 744 3399; x_wconf 87' lang='grc'><strong>7</strong></span> <span class='ocrx_word' id='word_1_283' title='bbox 763 3359 804 3415; x_wconf 75' lang='lat' dir='ltr'><strong>sq,</strong></span> 
     </span>
    </p>
   </div>
   <div class='ocr_carea' id='block_1_6' title="bbox 0 0 1330 3810">
    <p class='ocr_par' dir='ltr' id='par_1_6' title="bbox 0 0 1330 3810">
     <span class='ocr_line' id='line_1_35' title="bbox 0 0 1330 3810; baseline 0 0"><span class='ocrx_word' id='word_1_284' title='bbox 0 0 1330 3810; x_wconf 95' lang='lat' dir='ltr'><strong> </strong></span> 
     </span>
    </p>
   </div>
  </div>
 </body>
</html>
