2628 3810
228 254 271 320 80
412 249 441 310 s,
457 227 627 313 manum
646 233 953 314 consummans
1041 283 1045 292 ·

193 417 278 477 tras.
314 421 456 488 Quotiens
474 431 594 499 namque
622 425 724 480 dicitnr
749 422 828 479 Deus
852 441 908 478 non
933 443 1030 497 posse,
1055 425 1135 485 nulia

212 501 345 579 'negatur
371 509 401 564 in
428 528 461 566 eo
488 518 625 582 potestas,
659 512 709 568 sed
737 511 933 583 insuperabilis
960 511 1133 584 significatu

225 593 352 665 potentia
363 601 391 650 et
403 595 544 654 fortitudo.
563 598 628 655 Non
639 597 713 652 enim
725 597 802 652 aliu'd
813 597 986 669 intelligitur,
997 597 1051 651 nisi
1065 597 1132 669 quia

224 678 303 734 nulla
313 695 358 735 res
369 686 462 752 potest
480 681 598 748 efficere,
616 689 648 738 ut
665 688 732 755 agat
749 681 797 737 ille
815 683 889 753 quod
906 688 1025 754 negatur
1041 699 1131 754 posse.

192 764 207 812 7
224 761 298 821 Nam
315 765 431 822 multum
450 767 554 823 usitata
564 837 566 846 Ι
578 773 621 824 est
647 760 804 824 huiusmodi
816 783 818 790 ¹
829 766 947 837 locutio,
973 775 1006 822 ut
1023 767 1133 824 dicatur

156 849 160 856 '
224 867 269 905 res
286 851 381 924 aliqua
398 869 493 923 posse,
517 868 573 908 non
599 853 665 926 quia
690 854 719 908 in
738 851 787 908 illa
812 853 862 908 sed
880 855 1010 923 quoniam
1028 855 1058 908 in
1077 853 1133 909 alia

223 951 254 989 re
271 941 314 990 est
329 941 470 1006 potestne
497 943 527 994 et
542 933 599 994 'non
615 957 712 1010 posse,
735 955 792 993 non
817 937 947 1009 quoniam
967 937 997 992 in
1013 939 1062 994 illa
1080 940 1131 994 sed

190 1021 206 1072 8
224 1019 292 1091 quia
313 1019 343 1074 in
364 1022 421 1075 alia
443 1039 474 1078 re
498 1030 540 1079 est
562 1023 733 1096 impotentia.
767 1024 896 1079 Dicimus
914 1031 1050 1095 namque:
1076 1023 1130 1078 iste

222 1102 304 1157 homo
321 1109 416 1173 potest·
430 1105 518 1178 vinci,
542 1127 608 1180 pro:
633 1111 734 1182 aliquis
751 1115 844 1182 potest
860 1125 923 1164 eum
940 1107 1063 1178 vinsere3
1090 1115 1130 1164 et:

223 1185 272 1243 ille
287 1205 351 1258 ¹non
374 1194 468 1260 potest
491 1193 580 1265 vinci,
611 1213 676 1267 pro:
705 1195 798 1250 nullus
824 1210 887 1249 eum
904 1189 1014 1248 vinoeie
1030 1199 1131 1263 potest.

190 1271 287 1331 9Non
304 1274 378 1329 enim
396 1280 520 1346 potestas
540 1285 582 1335 est
607 1299 688 1353 posse
715 1281 790 1335 vinci
810 1277 1053 1348 sed'impotentia‚
1077 1296 1130 1334 nec

173 1364 205 1414 10
222 1357 297 1413 vinci
315 1377 371 1414 non
387 1377 468 1432 posse
489 1363 653 1435 impotentia
672 1372 715 1421 est
740 1366 790 1421 sed
815 1367 948 1436 potestas.
983 1361 1043 1418 Neo
1063 1363 1130 1418 dici-

222 1461 283 1498 mus
306 1444 398 1507 Deum
420 1449 587 1506 necessitate
610 1451 703 1508 facere
726 1451 832 1522 aliquid
854 1466 914 1517 eo‚·
928 1447 1003 1519 quod
1028 1449 1057 1502 in
1081 1448 1129 1504 ilio

222 1527 258 1583 sit
280 1527 339 1584 ulla
364 1533 528 1606 necessitas,
553 1535 756 1609 sedquoniam
782 1541 824 1590 est
845 1534 874 1589 in
893 1533 959 1602 ulio,
981 1533 1054 1588 sicut
1071 1533 1130 1588 dixi

172 1619 202 1670 11
221 1613 256 1669 de
273 1614 443 1689 impotentia,
460 1619 572 1690 quando
591 1620 692 1676 dicitur
708 1640 765 1678 non
782 1637 872 1692 posse.
909 1617 1005 1673 Omnis
1024 1618 1129 1690 quippe

220 1699 371 1755 necessitas
401 1707 443 1756 est
472 1709 521 1759 aut
552 1707 659 1762 coactio
686 1707 735 1762 aut
761 1704 925 1778 prohibiti03
955 1719 1027 1774 quae
1057 1704 1130 1760 (111³ss
1208 1736 1210 1740 ’
1277 1774 1278 1783 ,
1303 1683 1304 1688 ¹

220 1785 396 1842 necessitates
426 1793 625 1846 convertuntur
655 1792 773 1849 invicem
805 1787 955 1858 contrarie,
986 1788 1058 1844 sicut
1082 1806 1129 1845 ue-

172 1873 202 1922 12
221 1886 297 1926 cesso
324 1871 360 1926 et‘
378 1871 556 1943 impossibile.
605 1875 748 1950 Quidquid
775 1891 895 1947 namque
925 1873 1034 1944 cogitur
1060 1890 1128 1939 esse,

220 1953 382 2025 prohibetur
404 1974 460 2012 non
483 1975 557 2029 esse,
583 1964 611 2015 et
634 1962 709 2032 quod
735 1959 845 2032 cogitur
862 1974 917 2013 non
937 1975 1011 2028 esse,
1036 1959 1128 2031 prohi-

220 2039 303 2095 betur
326 2059 400 2112 esse3
426 2043 659 2114 quemadmodum
685 2045 760 2118 quod
782 2061 897 2100 necesse
921 2051 963 2100 est
982 2063 1054 2115 esse,
1078 2046 1129 2101 im-

219 2126 353 2198 possibile
375 2135 418 2183 est
440 2146 497 2184 non
522 2147 593 2200 esso,
620 2136 649 2186 et
675 2132 750 2203 quod
777 2147 892 2187 necesse
915 2137 957 2186 est
981 2149 1037 2186 non
1057 2148 1126 2203 esse,

79 2244 82 2254 ·
171 2217 202 2268 13
219 2211 390 2284 impossibile
408 2221 451 2270 est
469 2232 542 2286 esse,
566 2225 594 2273 et
612 2215 771 2272 conversim
807 2215 877 2270 Cum
899 2219 992 2271 autem
1010 2217 1128 2272 dicimus

219 2296 325 2369 aliquid
350 2315 463 2356 necesse
490 2319 550 2358 esse
572 2306 621 2357 aut
645 2319 702 2357 non
722 2319 780 2358 esse
800 2301 829 2356 in
849 2302 926 2370 Deo,
951 2317 1007 2356 non
1026 2300 1127 2358 intelli-

218 2383 307 2455 gitur,
332 2384 407 2455 quod
433 2385 469 2440 sit
494 2387 523 2441 in
546 2386 595 2443 illo
613 2386 764 2443 necessitas
784 2391 833 2442 eut
850 2403 952 2458 cogens
970 2393 1019 2442 aut
1034 2387 1127 2458 prohi-

219 2467 302 2538 bens,
331 2470 381 2524 sed
401 2459 588 2543 significatur,
616 2474 691 2543 quod
709 2472 739 2527 in
759 2471 886 2528 omnibus
906 2472 967 2526 aliis
985 2473 1067 2528 rebus
1085 2478 1128 2528 ost

217 2553 369 2612 necessitas
397 2556 548 2627 prohibens
576 2575 623 2612 eas
648 2558 740 2614 facere
763 2563 791 2613 et
815 2573 919 2630 cogens
945 2575 1001 2612 non
1021 2555 1127 2626 facere;

171 2633 201 2684 14
219 2643 315 2692 contra
337 2638 390 2694 hoc
414 2643 489 2711 quod
513 2642 548 2698 de
572 2641 633 2698 Deo
661 2643 769 2698 dicitur.
811 2642 885 2699 Nam
914 2659 977 2696 cum
1001 2640 1126 2710 dicimus,

219 2722 294 2794 quod
313 2740 426 2780 necesse
446 2734 489 2783 est
502 2728 595 2784 Deum
618 2745 727 2802 semper
744 2745 840 2784 verum
858 2727 950 2782 dicere
967 2731 996 2780 et
1012 2739 1127 2781 necesse

219 2813 260 2864 est
278 2823 341 2862 eum
359 2826 501 2881 nunquam
519 2815 644 2884 mentiri;
669 2831 726 2868 non
752 2814 854 2868 dicitur
873 2812 963 2879 aliud,
987 2810 1042 2864 nisi
1060 2809 1127 2882 quia

219 2897 298 2949 tanta
315 2899 358 2950 est
382 2896 411 2949 in
436 2896 483 2952 illo
508 2900 663 2955 constantia
690 2897 819 2955 servandi
842 2897 999 2966 veritatem,
1023 2902 1055 2952 ut
1078 2911 1124 2950 ne

218 2995 294 3038 cesse
320 2981 357 3035 sit
379 2981 485 3037 nullam
507 3001 566 3039 rem
581 2984 680 3040 tacere
697 3001 791 3055 posse,
815 2988 847 3036 ut
865 2997 960 3045 verum
977 2999 1033 3036 non
1051 2980 1127 3035 dicat

168 3060 199 3110 15
217 3071 267 3120 aut
286 3072 318 3120 nt
336 3067 493 3124 mentiatur.
529 3067 704 3140 Quapropter
723 3087 787 3124 cum
805 3068 936 3136 dicimus,
958 3068 1024 3138 quia
1042 3065 1124 3122 hom'o

216 3149 278 3220 illc,
296 3152 344 3223 qui
367 3154 518 3209 secundum
540 3155 674 3212 unintem
696 3171 831 3228 personae
851 3153 934 3223 (sicut
951 3169 1036 3226 supra
1045 3153 1065 3224 ¹)
1084 3151 1123 3206 di-

170 3281 175 3292 “
287 3307 399 3374 nar.
