<?xml version="1.0" encoding="UTF-8"?>
<!DOCTYPE html PUBLIC "-//W3C//DTD XHTML 1.0 Transitional//EN"
    "http://www.w3.org/TR/xhtml1/DTD/xhtml1-transitional.dtd">
<html xmlns="http://www.w3.org/1999/xhtml" xml:lang="en" lang="en">
 <head>
  <title>
</title>
<meta http-equiv="Content-Type" content="text/html;charset=utf-8" />
  <meta name='ocr-system' content='tesseract 3.04.00' />
  <meta name='ocr-capabilities' content='ocr_page ocr_carea ocr_par ocr_line ocrx_word'/>
</head>
<body>
  <div class='ocr_page' id='page_1' title='image "./sanselmicantuar00laemgoog_0057.png"; bbox 0 0 2628 3810; ppageno 0'>
   <div class='ocr_carea' id='block_1_1' title="bbox 226 265 949 349">
    <p class='ocr_par' dir='ltr' id='par_1_1' title="bbox 226 265 949 349">
     <span class='ocr_line' id='line_1_1' title="bbox 226 265 949 349; baseline 0.004 -28"><span class='ocrx_word' id='word_1_1' title='bbox 226 266 268 336; x_wconf 71' lang='lat'><strong>82</strong></span> <span class='ocrx_word' id='word_1_2' title='bbox 387 265 433 349; x_wconf 86' lang='lat' dir='ltr'><strong>s.</strong></span> <span class='ocrx_word' id='word_1_3' title='bbox 451 265 622 326; x_wconf 74' lang='lat' dir='ltr'><strong>sussum</strong></span> <span class='ocrx_word' id='word_1_4' title='bbox 635 267 949 338; x_wconf 74' lang='lat' dir='ltr'><strong>-crururumusrs</strong></span> 
     </span>
    </p>
   </div>
   <div class='ocr_carea' id='block_1_2' title="bbox 225 399 1214 508">
    <p class='ocr_par' dir='ltr' id='par_1_2' title="bbox 225 399 1214 508">
     <span class='ocr_line' id='line_1_2' title="bbox 225 399 1214 508; baseline 0.008 -18"><span class='ocrx_word' id='word_1_5' title='bbox 225 399 319 492; x_wconf 79' lang='lat' dir='ltr'><strong>omues</strong></span> <span class='ocrx_word' id='word_1_6' title='bbox 342 435 443 492; x_wconf 79' lang='lat' dir='ltr'><strong>Iudaei</strong></span> <span class='ocrx_word' id='word_1_7' title='bbox 470 437 666 508; x_wconf 75' lang='lat' dir='ltr'><strong>credidissent,</strong></span> <span class='ocrx_word' id='word_1_8' title='bbox 697 435 802 494; x_wconf 81' lang='lat' dir='ltr'><strong>Gentes</strong></span> <span class='ocrx_word' id='word_1_9' title='bbox 829 442 923 494; x_wconf 51' lang='lat' dir='ltr'><strong>brnen</strong></span> <span class='ocrx_word' id='word_1_10' title='bbox 947 443 1129 508; x_wconf 65' lang='lat' dir='ltr'><strong>scemenum</strong></span> <span class='ocrx_word' id='word_1_11' title='bbox 1212 419 1214 423; x_wconf 23' lang='grc' dir='ltr'>Ι</span> 
     </span>
    </p>
   </div>
   <div class='ocr_carea' id='block_1_3' title="bbox 224 521 1237 594">
    <p class='ocr_par' dir='ltr' id='par_1_3' title="bbox 224 521 1237 594">
     <span class='ocr_line' id='line_1_3' title="bbox 224 521 1237 594; baseline 0.003 -19"><span class='ocrx_word' id='word_1_12' title='bbox 224 521 291 592; x_wconf 79' lang='lat' dir='ltr'><strong>quie</strong></span> <span class='ocrx_word' id='word_1_13' title='bbox 309 522 339 576; x_wconf 78' lang='lat' dir='ltr'><strong>in</strong></span> <span class='ocrx_word' id='word_1_14' title='bbox 360 523 436 576; x_wconf 77' lang='lat' dir='ltr'><strong>omni</strong></span> <span class='ocrx_word' id='word_1_15' title='bbox 460 532 554 592; x_wconf 63' lang='lat' dir='ltr'><strong>ceute,</strong></span> <span class='ocrx_word' id='word_1_16' title='bbox 579 525 629 594; x_wconf 68' lang='lat' dir='ltr'><strong>qui</strong></span> <span class='ocrx_word' id='word_1_17' title='bbox 650 523 726 579; x_wconf 73' lang='lat' dir='ltr'><strong>tricet</strong></span> <span class='ocrx_word' id='word_1_18' title='bbox 745 524 839 578; x_wconf 82' lang='lat' dir='ltr'><strong>Deum</strong></span> <span class='ocrx_word' id='word_1_19' title='bbox 856 531 882 578; x_wconf 82' lang='lat' dir='ltr'><strong>et</strong></span> <span class='ocrx_word' id='word_1_20' title='bbox 900 525 1129 592; x_wconf 53' lang='lat' dir='ltr'><strong>operetur&#39;e&#39;uetc&#39;*</strong></span> <span class='ocrx_word' id='word_1_21' title='bbox 1234 532 1237 537; x_wconf 83' lang='lat'>&#39;</span> 
     </span>
    </p>
   </div>
   <div class='ocr_carea' id='block_1_4' title="bbox 224 606 1129 762">
    <p class='ocr_par' dir='ltr' id='par_1_4' title="bbox 224 606 1129 762">
     <span class='ocr_line' id='line_1_4' title="bbox 224 606 1129 687; baseline 0.007 -27"><span class='ocrx_word' id='word_1_22' title='bbox 224 606 314 687; x_wconf 56' lang='lat' dir='ltr'><strong>tium„</strong></span> <span class='ocrx_word' id='word_1_23' title='bbox 337 617 466 678; x_wconf 75' lang='lat' dir='ltr'><strong>acceptor</strong></span> <span class='ocrx_word' id='word_1_24' title='bbox 479 618 530 678; x_wconf 50' lang='lat' dir='ltr'><strong>¹ert</strong></span> <span class='ocrx_word' id='word_1_25' title='bbox 554 609 607 663; x_wconf 78' lang='lat' dir='ltr'><strong>illi.</strong></span> <span class='ocrx_word' id='word_1_26' title='bbox 617 612 636 676; x_wconf 93' lang='lat'><strong>¹)</strong></span> <span class='ocrx_word' id='word_1_27' title='bbox 672 607 729 664; x_wconf 84' lang='lat' dir='ltr'><strong>Sed</strong></span> <span class='ocrx_word' id='word_1_28' title='bbox 755 608 886 678; x_wconf 80' lang='lat' dir='ltr'><strong>quoniam</strong></span> <span class='ocrx_word' id='word_1_29' title='bbox 905 608 1002 664; x_wconf 83' lang='lat' dir='ltr'><strong>Iudcei</strong></span> <span class='ocrx_word' id='word_1_30' title='bbox 1020 616 1129 680; x_wconf 79' lang='lat' dir='ltr'><strong>aposto·</strong></span> 
     </span>
     <span class='ocr_line' id='line_1_5' title="bbox 224 689 1129 762; baseline 0.008 -17"><span class='ocrx_word' id='word_1_31' title='bbox 224 691 265 748; x_wconf 86' lang='lat' dir='ltr'><strong>loe</strong></span> <span class='ocrx_word' id='word_1_32' title='bbox 291 699 512 762; x_wconf 79' lang='lat' dir='ltr'><strong>contemserunt,</strong></span> <span class='ocrx_word' id='word_1_33' title='bbox 537 709 570 748; x_wconf 87' lang='lat' dir='ltr'><strong>ea</strong></span> <span class='ocrx_word' id='word_1_34' title='bbox 593 699 661 747; x_wconf 89' lang='lat' dir='ltr'><strong>tunc</strong></span> <span class='ocrx_word' id='word_1_35' title='bbox 686 689 741 746; x_wconf 79' lang='lat' dir='ltr'><strong>suit</strong></span> <span class='ocrx_word' id='word_1_36' title='bbox 763 692 886 761; x_wconf 76' lang='lat' dir='ltr'><strong>occasio,</strong></span> <span class='ocrx_word' id='word_1_37' title='bbox 914 698 946 747; x_wconf 89' lang='lat' dir='ltr'><strong>ut</strong></span> <span class='ocrx_word' id='word_1_38' title='bbox 967 694 1003 749; x_wconf 82' lang='lat' dir='ltr'><strong>ad</strong></span> <span class='ocrx_word' id='word_1_39' title='bbox 1025 694 1129 754; x_wconf 79' lang='lat' dir='ltr'><strong>Gentes</strong></span> 
     </span>
    </p>
   </div>
   <div class='ocr_carea' id='block_1_5' title="bbox 92 775 1130 850">
    <p class='ocr_par' dir='ltr' id='par_1_5' title="bbox 92 775 1130 850">
     <span class='ocr_line' id='line_1_6' title="bbox 92 775 1130 850; baseline 0.003 -17"><span class='ocrx_word' id='word_1_40' title='bbox 92 818 94 823; x_wconf 80' lang='lat'><em>·</em></span> <span class='ocrx_word' id='word_1_41' title='bbox 174 781 206 834; x_wconf 83' lang='lat'><strong>19</strong></span> <span class='ocrx_word' id='word_1_42' title='bbox 223 775 265 830; x_wconf 91' lang='lat' dir='ltr'><strong>illi</strong></span> <span class='ocrx_word' id='word_1_43' title='bbox 283 784 516 834; x_wconf 80' lang='lat' dir='ltr'><strong>converterentur.</strong></span> <span class='ocrx_word' id='word_1_44' title='bbox 550 781 618 832; x_wconf 79' lang='lat' dir='ltr'><strong>Bor.</strong></span> <span class='ocrx_word' id='word_1_45' title='bbox 635 776 721 832; x_wconf 87' lang='lat' dir='ltr'><strong>Nullo</strong></span> <span class='ocrx_word' id='word_1_46' title='bbox 738 777 819 832; x_wconf 90' lang='lat' dir='ltr'><strong>modo</strong></span> <span class='ocrx_word' id='word_1_47' title='bbox 840 777 929 846; x_wconf 86' lang='lat' dir='ltr'><strong>video,</strong></span> <span class='ocrx_word' id='word_1_48' title='bbox 948 779 1017 850; x_wconf 88' lang='lat' dir='ltr'><strong>quid</strong></span> <span class='ocrx_word' id='word_1_49' title='bbox 1033 787 1130 837; x_wconf 84' lang='lat' dir='ltr'><strong>contre</strong></span> 
     </span>
    </p>
   </div>
   <div class='ocr_carea' id='block_1_6' title="bbox 171 861 1130 1444">
    <p class='ocr_par' dir='ltr' id='par_1_6' title="bbox 171 861 1130 1444">
     <span class='ocr_line' id='line_1_7' title="bbox 222 861 1129 934; baseline 0.004 -16"><span class='ocrx_word' id='word_1_50' title='bbox 222 861 293 918; x_wconf 84' lang='lat' dir='ltr'><strong>hccc</strong></span> <span class='ocrx_word' id='word_1_51' title='bbox 316 864 409 918; x_wconf 87' lang='lat' dir='ltr'><strong>dicere</strong></span> <span class='ocrx_word' id='word_1_52' title='bbox 430 863 540 934; x_wconf 79' lang='lat' dir='ltr'><strong>possim.</strong></span> <span class='ocrx_word' id='word_1_53' title='bbox 576 863 645 916; x_wconf 78' lang='lat' dir='ltr'><strong>Arse.</strong></span> <span class='ocrx_word' id='word_1_54' title='bbox 680 861 764 918; x_wconf 85' lang='lat' dir='ltr'>Unde</span> <span class='ocrx_word' id='word_1_55' title='bbox 786 861 839 916; x_wconf 87' lang='lat' dir='ltr'><strong>tibi</strong></span> <span class='ocrx_word' id='word_1_56' title='bbox 865 863 976 918; x_wconf 78' lang='lat' dir='ltr'><strong>videtur</strong></span> <span class='ocrx_word' id='word_1_57' title='bbox 1000 865 1129 922; x_wconf 81' lang='lat' dir='ltr'><strong>accidere</strong></span> 
     </span>
     <span class='ocr_line' id='line_1_8' title="bbox 171 946 1130 1021; baseline 0 -15"><span class='ocrx_word' id='word_1_58' title='bbox 171 953 205 1006; x_wconf 73' lang='lat'><strong>2⁰</strong></span> <span class='ocrx_word' id='word_1_59' title='bbox 224 947 373 1018; x_wconf 77' lang='lat' dir='ltr'><strong>singularis</strong></span> <span class='ocrx_word' id='word_1_60' title='bbox 392 947 441 1006; x_wconf 78' lang='lat' dir='ltr'><strong>illa</strong></span> <span class='ocrx_word' id='word_1_61' title='bbox 458 946 566 1002; x_wconf 76' lang='lat' dir='ltr'><strong>laetitia</strong></span> <span class='ocrx_word' id='word_1_62' title='bbox 585 948 620 1002; x_wconf 88' lang='lat' dir='ltr'><strong>dc</strong></span> <span class='ocrx_word' id='word_1_63' title='bbox 638 947 731 1002; x_wconf 82' lang='lat' dir='ltr'><strong>alieno</strong></span> <span class='ocrx_word' id='word_1_64' title='bbox 748 947 835 1002; x_wconf 76' lang='lat' dir='ltr'><strong>cusu?</strong></span> <span class='ocrx_word' id='word_1_65' title='bbox 870 951 938 1003; x_wconf 84' lang='lat' dir='ltr'><strong>Boe.</strong></span> <span class='ocrx_word' id='word_1_66' title='bbox 966 950 1057 1021; x_wconf 86' lang='lat' dir='ltr'>Unde,</span> <span class='ocrx_word' id='word_1_67' title='bbox 1075 951 1130 1006; x_wconf 83' lang='lat' dir='ltr'><strong>uisi</strong></span> 
     </span>
     <span class='ocr_line' id='line_1_9' title="bbox 171 1032 1128 1103; baseline 0.008 -18"><span class='ocrx_word' id='word_1_68' title='bbox 171 1033 173 1040; x_wconf 89' lang='lat'>&#39;</span> <span class='ocrx_word' id='word_1_69' title='bbox 223 1032 290 1102; x_wconf 82' lang='lat' dir='ltr'><strong>quia</strong></span> <span class='ocrx_word' id='word_1_70' title='bbox 314 1039 406 1087; x_wconf 89' lang='lat' dir='ltr'><strong>certus</strong></span> <span class='ocrx_word' id='word_1_71' title='bbox 425 1032 477 1086; x_wconf 86' lang='lat' dir='ltr'><strong>crit</strong></span> <span class='ocrx_word' id='word_1_72' title='bbox 495 1032 699 1103; x_wconf 85' lang='lat' dir='ltr'><strong>uuusquisque,</strong></span> <span class='ocrx_word' id='word_1_73' title='bbox 723 1032 855 1103; x_wconf 84' lang='lat' dir='ltr'><strong>quoniam</strong></span> <span class='ocrx_word' id='word_1_74' title='bbox 873 1033 994 1090; x_wconf 63' lang='lat' dir='ltr'><strong>ubiuis</strong></span> <span class='ocrx_word' id='word_1_75' title='bbox 1010 1037 1128 1093; x_wconf 70' lang='lat' dir='ltr'><strong>nurture,</strong></span> 
     </span>
     <span class='ocr_line' id='line_1_10' title="bbox 222 1117 1129 1192; baseline 0.007 -20"><span class='ocrx_word' id='word_1_76' title='bbox 222 1134 275 1172; x_wconf 86' lang='lat' dir='ltr'><strong>nus</strong></span> <span class='ocrx_word' id='word_1_77' title='bbox 293 1122 373 1186; x_wconf 86' lang='lat' dir='ltr'><strong>esset,</strong></span> <span class='ocrx_word' id='word_1_78' title='bbox 391 1117 445 1170; x_wconf 88' lang='lat' dir='ltr'><strong>nisi</strong></span> <span class='ocrx_word' id='word_1_79' title='bbox 464 1118 535 1172; x_wconf 81' lang='lat' dir='ltr'><strong>nlius</strong></span> <span class='ocrx_word' id='word_1_80' title='bbox 555 1117 620 1173; x_wconf 88' lang='lat' dir='ltr'><strong>inde</strong></span> <span class='ocrx_word' id='word_1_81' title='bbox 639 1117 805 1174; x_wconf 80' lang='lat' dir='ltr'><strong>cecidisset?</strong></span> <span class='ocrx_word' id='word_1_82' title='bbox 840 1120 909 1174; x_wconf 80' lang='lat' dir='ltr'><strong>Aue.</strong></span> <span class='ocrx_word' id='word_1_83' title='bbox 930 1119 960 1174; x_wconf 86' lang='lat' dir='ltr'><strong>Si</strong></span> <span class='ocrx_word' id='word_1_84' title='bbox 979 1139 1044 1192; x_wconf 83' lang='lat' dir='ltr'><strong>ergo</strong></span> <span class='ocrx_word' id='word_1_85' title='bbox 1056 1122 1129 1178; x_wconf 79' lang='lat' dir='ltr'><strong>huuc</strong></span> 
     </span>
     <span class='ocr_line' id='line_1_11' title="bbox 222 1202 1128 1273; baseline 0.007 -16"><span class='ocrx_word' id='word_1_86' title='bbox 222 1202 415 1258; x_wconf 87' lang='lat' dir='ltr'><strong>certitudinem</strong></span> <span class='ocrx_word' id='word_1_87' title='bbox 442 1203 543 1262; x_wconf 86' lang='lat' dir='ltr'><strong>nullus¹</strong></span> <span class='ocrx_word' id='word_1_88' title='bbox 564 1202 694 1273; x_wconf 85' lang='lat' dir='ltr'><strong>heberet,</strong></span> <span class='ocrx_word' id='word_1_89' title='bbox 720 1209 875 1259; x_wconf 78' lang='lat' dir='ltr'><strong>nonesset</strong></span> <span class='ocrx_word' id='word_1_90' title='bbox 898 1206 974 1260; x_wconf 87' lang='lat' dir='ltr'><strong>unde</strong></span> <span class='ocrx_word' id='word_1_91' title='bbox 996 1207 1070 1262; x_wconf 69' lang='lat' dir='ltr'><strong>ulicis</strong></span> <span class='ocrx_word' id='word_1_92' title='bbox 1093 1209 1128 1262; x_wconf 84' lang='lat' dir='ltr'><strong>dc</strong></span> 
     </span>
     <span class='ocr_line' id='line_1_12' title="bbox 171 1286 1129 1360; baseline 0 -14"><span class='ocrx_word' id='word_1_93' title='bbox 171 1296 201 1346; x_wconf 81' lang='lat'><strong>21</strong></span> <span class='ocrx_word' id='word_1_94' title='bbox 222 1287 313 1343; x_wconf 86' lang='lat' dir='ltr'><strong>ulieno</strong></span> <span class='ocrx_word' id='word_1_95' title='bbox 339 1286 439 1343; x_wconf 80' lang='lat' dir='ltr'><strong>damno</strong></span> <span class='ocrx_word' id='word_1_96' title='bbox 467 1289 611 1360; x_wconf 71' lang='lat' dir='ltr'><strong>gauderet.</strong></span> <span class='ocrx_word' id='word_1_97' title='bbox 648 1290 716 1344; x_wconf 82' lang='lat' dir='ltr'><strong>Bor.</strong></span> <span class='ocrx_word' id='word_1_98' title='bbox 752 1289 798 1344; x_wconf 86' lang='lat' dir='ltr'><strong>Ite</strong></span> <span class='ocrx_word' id='word_1_99' title='bbox 814 1290 932 1346; x_wconf 80' lang='lat' dir='ltr'><strong>videtur.</strong></span> <span class='ocrx_word' id='word_1_100' title='bbox 967 1291 1037 1346; x_wconf 76' lang='lat' dir='ltr'><strong>Arre.</strong></span> <span class='ocrx_word' id='word_1_101' title='bbox 1072 1293 1129 1346; x_wconf 92' lang='lat' dir='ltr'><strong>Pu·-</strong></span> 
     </span>
     <span class='ocr_line' id='line_1_13' title="bbox 221 1373 1129 1444; baseline 0.008 -17"><span class='ocrx_word' id='word_1_102' title='bbox 221 1379 299 1427; x_wconf 82' lang='lat' dir='ltr'><strong>tesne</strong></span> <span class='ocrx_word' id='word_1_103' title='bbox 314 1373 436 1444; x_wconf 79' lang='lat' dir='ltr'><strong>aliquem</strong></span> <span class='ocrx_word' id='word_1_104' title='bbox 462 1374 573 1430; x_wconf 90' lang='lat' dir='ltr'><strong>illorum</strong></span> <span class='ocrx_word' id='word_1_105' title='bbox 597 1373 758 1432; x_wconf 79' lang='lat' dir='ltr'><strong>habiturum</strong></span> <span class='ocrx_word' id='word_1_106' title='bbox 781 1375 853 1432; x_wconf 86' lang='lat' dir='ltr'><strong>hauc</strong></span> <span class='ocrx_word' id='word_1_107' title='bbox 869 1375 1077 1442; x_wconf 69' lang='lat' dir='ltr'><strong>certituffinem,</strong></span> <span class='ocrx_word' id='word_1_108' title='bbox 1105 1376 1129 1434; x_wconf 87' lang='lat' dir='ltr'><strong>si</strong></span> 
     </span>
    </p>
   </div>
   <div class='ocr_carea' id='block_1_7' title="bbox 170 1451 1243 1532">
    <p class='ocr_par' dir='ltr' id='par_1_7' title="bbox 170 1451 1243 1532">
     <span class='ocr_line' id='line_1_14' title="bbox 170 1451 1243 1532; baseline -0.005 -19"><span class='ocrx_word' id='word_1_109' title='bbox 170 1467 203 1518; x_wconf 79' lang='lat'><strong>22</strong></span> <span class='ocrx_word' id='word_1_110' title='bbox 221 1458 419 1530; x_wconf 86' lang='lat' dir='ltr'><strong>multoplures</strong></span> <span class='ocrx_word' id='word_1_111' title='bbox 439 1467 520 1515; x_wconf 88' lang='lat' dir='ltr'><strong>eruut</strong></span> <span class='ocrx_word' id='word_1_112' title='bbox 538 1478 621 1532; x_wconf 83' lang='lat' dir='ltr'><strong>quam</strong></span> <span class='ocrx_word' id='word_1_113' title='bbox 640 1459 688 1530; x_wconf 86' lang='lat' dir='ltr'><strong>qui</strong></span> <span class='ocrx_word' id='word_1_114' title='bbox 706 1459 887 1516; x_wconf 84' lang='lat' dir='ltr'><strong>ceciderunt?</strong></span> <span class='ocrx_word' id='word_1_115' title='bbox 923 1462 991 1517; x_wconf 81' lang='lat' dir='ltr'><strong>Bor.</strong></span> <span class='ocrx_word' id='word_1_116' title='bbox 1016 1461 1128 1531; x_wconf 74' lang='lat' dir='ltr'><strong>Neque·</strong></span> <span class='ocrx_word' id='word_1_117' title='bbox 1214 1478 1216 1482; x_wconf 53' lang='lat'><strong><em>¹</em></strong></span> <span class='ocrx_word' id='word_1_118' title='bbox 1242 1451 1243 1454; x_wconf 65' lang='grc'>’</span> 
     </span>
    </p>
   </div>
   <div class='ocr_carea' id='block_1_8' title="bbox 130 1544 1167 3070">
    <p class='ocr_par' dir='ltr' id='par_1_8' title="bbox 130 1544 1167 3070">
     <span class='ocr_line' id='line_1_15' title="bbox 221 1544 1127 1617; baseline 0.003 -19"><span class='ocrx_word' id='word_1_119' title='bbox 221 1561 305 1615; x_wconf 86' lang='lat' dir='ltr'><strong>quem</strong></span> <span class='ocrx_word' id='word_1_120' title='bbox 323 1563 436 1615; x_wconf 86' lang='lat' dir='ltr'><strong>possum</strong></span> <span class='ocrx_word' id='word_1_121' title='bbox 454 1547 571 1617; x_wconf 86' lang='lat' dir='ltr'><strong>opinari,</strong></span> <span class='ocrx_word' id='word_1_122' title='bbox 595 1545 671 1616; x_wconf 87' lang='lat' dir='ltr'><strong>quod</strong></span> <span class='ocrx_word' id='word_1_123' title='bbox 689 1561 751 1602; x_wconf 84' lang='lat' dir='ltr'><strong>cem</strong></span> <span class='ocrx_word' id='word_1_124' title='bbox 769 1544 873 1602; x_wconf 78' lang='lat' dir='ltr'><strong>hebeat</strong></span> <span class='ocrx_word' id='word_1_125' title='bbox 892 1552 942 1602; x_wconf 72' lang='lat' dir='ltr'><strong>ert</strong></span> <span class='ocrx_word' id='word_1_126' title='bbox 959 1545 1062 1602; x_wconf 78' lang='lat' dir='ltr'><strong>hebere</strong></span> <span class='ocrx_word' id='word_1_127' title='bbox 1080 1545 1127 1601; x_wconf 85' lang='lat' dir='ltr'><strong>de·</strong></span> 
     </span>
     <span class='ocr_line' id='line_1_16' title="bbox 220 1629 1127 1702; baseline -0.002 -16"><span class='ocrx_word' id='word_1_128' title='bbox 220 1631 293 1686; x_wconf 79' lang='lat' dir='ltr'><strong>beat</strong></span> <span class='ocrx_word' id='word_1_129' title='bbox 332 1629 476 1694; x_wconf 84' lang='lat' dir='ltr'><strong>Quomodo</strong></span> <span class='ocrx_word' id='word_1_130' title='bbox 502 1649 623 1702; x_wconf 81' lang='lat' dir='ltr'><strong>nemque</strong></span> <span class='ocrx_word' id='word_1_131' title='bbox 648 1630 710 1701; x_wconf 87' lang='lat' dir='ltr'><strong>quis</strong></span> <span class='ocrx_word' id='word_1_132' title='bbox 735 1631 839 1700; x_wconf 81' lang='lat' dir='ltr'><strong>poterit</strong></span> <span class='ocrx_word' id='word_1_133' title='bbox 857 1631 940 1694; x_wconf 87' lang='lat' dir='ltr'><strong>scire,</strong></span> <span class='ocrx_word' id='word_1_134' title='bbox 965 1634 1058 1684; x_wconf 90' lang='lat' dir='ltr'><strong>utrum</strong></span> <span class='ocrx_word' id='word_1_135' title='bbox 1076 1645 1127 1698; x_wconf 88' lang='lat' dir='ltr'><strong>pre</strong></span> 
     </span>
     <span class='ocr_line' id='line_1_17' title="bbox 220 1713 1128 1787; baseline 0.003 -19"><span class='ocrx_word' id='word_1_136' title='bbox 220 1716 405 1772; x_wconf 73' lang='lat' dir='ltr'><strong>restaurando</strong></span> <span class='ocrx_word' id='word_1_137' title='bbox 428 1715 503 1786; x_wconf 91' lang='lat' dir='ltr'><strong>quod</strong></span> <span class='ocrx_word' id='word_1_138' title='bbox 526 1714 701 1772; x_wconf 85' lang='lat' dir='ltr'><strong>imminutum</strong></span> <span class='ocrx_word' id='word_1_139' title='bbox 722 1722 794 1783; x_wconf 81' lang='lat' dir='ltr'><strong>eret,</strong></span> <span class='ocrx_word' id='word_1_140' title='bbox 819 1723 868 1772; x_wconf 82' lang='lat' dir='ltr'><strong>eut</strong></span> <span class='ocrx_word' id='word_1_141' title='bbox 890 1731 941 1787; x_wconf 90' lang='lat' dir='ltr'><strong>pro</strong></span> <span class='ocrx_word' id='word_1_142' title='bbox 964 1713 1128 1784; x_wconf 84' lang='lat' dir='ltr'><strong>complendo</strong></span> 
     </span>
     <span class='ocr_line' id='line_1_18' title="bbox 220 1799 1127 1872; baseline -0.002 -17"><span class='ocrx_word' id='word_1_143' title='bbox 220 1801 296 1872; x_wconf 90' lang='lat' dir='ltr'><strong>quod</strong></span> <span class='ocrx_word' id='word_1_144' title='bbox 322 1801 445 1855; x_wconf 89' lang='lat' dir='ltr'><strong>nondum</strong></span> <span class='ocrx_word' id='word_1_145' title='bbox 471 1800 626 1871; x_wconf 81' lang='lat' dir='ltr'><strong>perfectum</strong></span> <span class='ocrx_word' id='word_1_146' title='bbox 653 1806 726 1870; x_wconf 83' lang='lat' dir='ltr'><strong>eret,</strong></span> <span class='ocrx_word' id='word_1_147' title='bbox 754 1801 790 1856; x_wconf 86' lang='lat' dir='ltr'><strong>dc</strong></span> <span class='ocrx_word' id='word_1_148' title='bbox 815 1801 863 1856; x_wconf 87' lang='lat' dir='ltr'><strong>illo</strong></span> <span class='ocrx_word' id='word_1_149' title='bbox 888 1816 1003 1856; x_wconf 86' lang='lat' dir='ltr'><strong>numero</strong></span> <span class='ocrx_word' id='word_1_150' title='bbox 1027 1799 1127 1854; x_wconf 91' lang='lat' dir='ltr'><strong>coneti·</strong></span> 
     </span>
     <span class='ocr_line' id='line_1_19' title="bbox 219 1884 1128 1954; baseline 0.001 -14"><span class='ocrx_word' id='word_1_151' title='bbox 219 1885 340 1940; x_wconf 76' lang='lat' dir='ltr'><strong>tuendae</strong></span> <span class='ocrx_word' id='word_1_152' title='bbox 364 1884 484 1940; x_wconf 75' lang='lat' dir='ltr'><strong>civitatis</strong></span> <span class='ocrx_word' id='word_1_153' title='bbox 508 1886 544 1940; x_wconf 84' lang='lat' dir='ltr'><strong>sit</strong></span> <span class='ocrx_word' id='word_1_154' title='bbox 569 1885 683 1940; x_wconf 79' lang='lat' dir='ltr'><strong>fectus?</strong></span> <span class='ocrx_word' id='word_1_155' title='bbox 711 1887 761 1940; x_wconf 88' lang='lat' dir='ltr'><strong>sed</strong></span> <span class='ocrx_word' id='word_1_156' title='bbox 781 1903 875 1942; x_wconf 89' lang='lat' dir='ltr'><strong>omues</strong></span> <span class='ocrx_word' id='word_1_157' title='bbox 893 1885 961 1942; x_wconf 85' lang='lat' dir='ltr'><strong>certi</strong></span> <span class='ocrx_word' id='word_1_158' title='bbox 979 1891 1074 1954; x_wconf 89' lang='lat' dir='ltr'><strong>erunt,</strong></span> <span class='ocrx_word' id='word_1_159' title='bbox 1098 1902 1128 1942; x_wconf 85' lang='lat' dir='ltr'><strong>se</strong></span> 
     </span>
     <span class='ocr_line' id='line_1_20' title="bbox 167 1970 1125 2042; baseline 0.004 -18"><span class='ocrx_word' id='word_1_160' title='bbox 167 1979 202 2031; x_wconf 77' lang='lat'><strong>23</strong></span> <span class='ocrx_word' id='word_1_161' title='bbox 219 1970 308 2024; x_wconf 76' lang='lat' dir='ltr'><strong>factos</strong></span> <span class='ocrx_word' id='word_1_162' title='bbox 327 1987 387 2025; x_wconf 86' lang='lat' dir='ltr'><strong>csse</strong></span> <span class='ocrx_word' id='word_1_163' title='bbox 407 1970 444 2026; x_wconf 80' lang='lat' dir='ltr'><strong>ed</strong></span> <span class='ocrx_word' id='word_1_164' title='bbox 461 1970 659 2041; x_wconf 73' lang='lat' dir='ltr'><strong>perficiendam</strong></span> <span class='ocrx_word' id='word_1_165' title='bbox 680 1970 758 2026; x_wconf 83' lang='lat' dir='ltr'><strong>illem</strong></span> <span class='ocrx_word' id='word_1_166' title='bbox 777 1971 925 2028; x_wconf 82' lang='lat' dir='ltr'><strong>civitatem.</strong></span> <span class='ocrx_word' id='word_1_167' title='bbox 962 1973 1031 2029; x_wconf 78' lang='lat' dir='ltr'><strong>Am.</strong></span> <span class='ocrx_word' id='word_1_168' title='bbox 1050 1971 1125 2042; x_wconf 79' lang='lat' dir='ltr'><strong>Engo</strong></span> 
     </span>
     <span class='ocr_line' id='line_1_21' title="bbox 219 2055 1127 2128; baseline 0 -18"><span class='ocrx_word' id='word_1_169' title='bbox 219 2055 243 2110; x_wconf 91' lang='lat' dir='ltr'><strong>si</strong></span> <span class='ocrx_word' id='word_1_170' title='bbox 259 2056 354 2126; x_wconf 89' lang='lat' dir='ltr'><strong>plures</strong></span> <span class='ocrx_word' id='word_1_171' title='bbox 373 2061 455 2112; x_wconf 84' lang='lat' dir='ltr'><strong>erunt</strong></span> <span class='ocrx_word' id='word_1_172' title='bbox 480 2073 565 2127; x_wconf 84' lang='lat' dir='ltr'><strong>quem</strong></span> <span class='ocrx_word' id='word_1_173' title='bbox 587 2057 697 2128; x_wconf 89' lang='lat' dir='ltr'><strong>reprobi</strong></span> <span class='ocrx_word' id='word_1_174' title='bbox 717 2056 823 2128; x_wconf 72' lang='lat' dir='ltr'><strong>angeli,</strong></span> <span class='ocrx_word' id='word_1_175' title='bbox 847 2057 941 2112; x_wconf 86' lang='lat' dir='ltr'><strong>nullus</strong></span> <span class='ocrx_word' id='word_1_176' title='bbox 957 2058 1059 2128; x_wconf 85' lang='lat' dir='ltr'><strong>poterit</strong></span> <span class='ocrx_word' id='word_1_177' title='bbox 1077 2061 1127 2112; x_wconf 83' lang='lat' dir='ltr'><strong>eut</strong></span> 
     </span>
     <span class='ocr_line' id='line_1_22' title="bbox 218 2140 1124 2214; baseline 0.002 -18"><span class='ocrx_word' id='word_1_178' title='bbox 218 2140 333 2198; x_wconf 86' lang='lat' dir='ltr'><strong>debebit</strong></span> <span class='ocrx_word' id='word_1_179' title='bbox 350 2141 439 2210; x_wconf 58' lang='lat' dir='ltr'><strong>scire,</strong></span> <span class='ocrx_word' id='word_1_180' title='bbox 459 2158 489 2196; x_wconf 89' lang='lat' dir='ltr'><strong>se</strong></span> <span class='ocrx_word' id='word_1_181' title='bbox 504 2158 562 2196; x_wconf 83' lang='lat' dir='ltr'><strong>non</strong></span> <span class='ocrx_word' id='word_1_182' title='bbox 582 2159 642 2200; x_wconf 87' lang='lat' dir='ltr'><strong>csse</strong></span> <span class='ocrx_word' id='word_1_183' title='bbox 662 2142 702 2197; x_wconf 89' lang='lat' dir='ltr'><strong>ibi</strong></span> <span class='ocrx_word' id='word_1_184' title='bbox 719 2148 873 2210; x_wconf 83' lang='lat' dir='ltr'><strong>assumtum</strong></span> <span class='ocrx_word' id='word_1_185' title='bbox 892 2143 958 2201; x_wconf 71' lang='lat' dir='ltr'><strong>uisiv</strong></span> <span class='ocrx_word' id='word_1_186' title='bbox 964 2160 1015 2214; x_wconf 91' lang='lat' dir='ltr'><strong>pro</strong></span> <span class='ocrx_word' id='word_1_187' title='bbox 1033 2143 1124 2199; x_wconf 77' lang='lat' dir='ltr'><strong>alieno</strong></span> 
     </span>
     <span class='ocr_line' id='line_1_23' title="bbox 168 2227 1126 2300; baseline -0.002 -16"><span class='ocrx_word' id='word_1_188' title='bbox 168 2233 202 2284; x_wconf 82' lang='lat'><strong>24</strong></span> <span class='ocrx_word' id='word_1_189' title='bbox 219 2245 294 2283; x_wconf 82' lang='lat' dir='ltr'><strong>cceu.</strong></span> <span class='ocrx_word' id='word_1_190' title='bbox 330 2229 398 2283; x_wconf 83' lang='lat' dir='ltr'><strong>Boe.</strong></span> <span class='ocrx_word' id='word_1_191' title='bbox 433 2227 538 2282; x_wconf 87' lang='lat' dir='ltr'><strong>Verum</strong></span> <span class='ocrx_word' id='word_1_192' title='bbox 562 2233 611 2282; x_wconf 86' lang='lat' dir='ltr'><strong>est.</strong></span> <span class='ocrx_word' id='word_1_193' title='bbox 647 2230 718 2282; x_wconf 79' lang='lat' dir='ltr'><strong>Arre.</strong></span> <span class='ocrx_word' id='word_1_194' title='bbox 752 2230 815 2286; x_wconf 84' lang='lat' dir='ltr'><strong>Non</strong></span> <span class='ocrx_word' id='word_1_195' title='bbox 839 2228 925 2300; x_wconf 84' lang='lat' dir='ltr'><strong>igitur</strong></span> <span class='ocrx_word' id='word_1_196' title='bbox 942 2229 1058 2285; x_wconf 82' lang='lat' dir='ltr'><strong>hebebit</strong></span> <span class='ocrx_word' id='word_1_197' title='bbox 1076 2228 1126 2282; x_wconf 80' lang='lat' dir='ltr'><strong>eli·</strong></span> 
     </span>
     <span class='ocr_line' id='line_1_24' title="bbox 219 2313 1126 2386; baseline 0 -18"><span class='ocrx_word' id='word_1_198' title='bbox 219 2313 299 2386; x_wconf 82' lang='lat' dir='ltr'><strong>quis,</strong></span> <span class='ocrx_word' id='word_1_199' title='bbox 327 2331 376 2368; x_wconf 90' lang='lat' dir='ltr'><strong>cur</strong></span> <span class='ocrx_word' id='word_1_200' title='bbox 402 2314 525 2386; x_wconf 81' lang='lat' dir='ltr'><strong>gaudere</strong></span> <span class='ocrx_word' id='word_1_201' title='bbox 549 2313 651 2368; x_wconf 86' lang='lat' dir='ltr'><strong>debeat</strong></span> <span class='ocrx_word' id='word_1_202' title='bbox 672 2314 707 2370; x_wconf 87' lang='lat' dir='ltr'><strong>de</strong></span> <span class='ocrx_word' id='word_1_203' title='bbox 727 2314 840 2370; x_wconf 75' lang='lat' dir='ltr'><strong>alterius</strong></span> <span class='ocrx_word' id='word_1_204' title='bbox 856 2315 1022 2384; x_wconf 85' lang='lat' dir='ltr'><strong>perditione.</strong></span> <span class='ocrx_word' id='word_1_205' title='bbox 1057 2317 1126 2369; x_wconf 80' lang='lat' dir='ltr'><strong>Boe.</strong></span> 
     </span>
     <span class='ocr_line' id='line_1_25' title="bbox 167 2394 1167 2473; baseline -0.002 -19"><span class='ocrx_word' id='word_1_206' title='bbox 167 2394 263 2454; x_wconf 76' lang='lat' dir='ltr'><strong>251u</strong></span> <span class='ocrx_word' id='word_1_207' title='bbox 281 2401 415 2471; x_wconf 86' lang='lat' dir='ltr'><strong>sequitur.</strong></span> <span class='ocrx_word' id='word_1_208' title='bbox 450 2399 521 2454; x_wconf 81' lang='lat' dir='ltr'><strong>Aue.</strong></span> <span class='ocrx_word' id='word_1_209' title='bbox 557 2397 627 2454; x_wconf 82' lang='lat' dir='ltr'><strong>Cum</strong></span> <span class='ocrx_word' id='word_1_210' title='bbox 650 2397 745 2470; x_wconf 76' lang='lat' dir='ltr'><strong>itaque</strong></span> <span class='ocrx_word' id='word_1_211' title='bbox 761 2398 920 2470; x_wconf 78' lang='lat' dir='ltr'><strong>videamus,</strong></span> <span class='ocrx_word' id='word_1_212' title='bbox 939 2400 1005 2473; x_wconf 78' lang='lat' dir='ltr'><strong>quie</strong></span> <span class='ocrx_word' id='word_1_213' title='bbox 1023 2397 1047 2454; x_wconf 86' lang='lat' dir='ltr'><strong>ei</strong></span> <span class='ocrx_word' id='word_1_214' title='bbox 1065 2398 1126 2468; x_wconf 85' lang='lat' dir='ltr'><strong>plu·</strong></span> <span class='ocrx_word' id='word_1_215' title='bbox 1164 2433 1167 2440; x_wconf 22' lang='grc' dir='ltr'><strong><em>Δ</em></strong></span> 
     </span>
     <span class='ocr_line' id='line_1_26' title="bbox 217 2483 1126 2557; baseline -0.003 -18"><span class='ocrx_word' id='word_1_216' title='bbox 217 2501 261 2539; x_wconf 88' lang='lat' dir='ltr'><strong>res</strong></span> <span class='ocrx_word' id='word_1_217' title='bbox 283 2491 364 2538; x_wconf 80' lang='lat' dir='ltr'><strong>ersmt</strong></span> <span class='ocrx_word' id='word_1_218' title='bbox 386 2483 509 2538; x_wconf 85' lang='lat' dir='ltr'><strong>homines</strong></span> <span class='ocrx_word' id='word_1_219' title='bbox 532 2483 615 2539; x_wconf 90' lang='lat' dir='ltr'><strong>electi</strong></span> <span class='ocrx_word' id='word_1_220' title='bbox 639 2497 722 2554; x_wconf 85' lang='lat' dir='ltr'><strong>quam</strong></span> <span class='ocrx_word' id='word_1_221' title='bbox 740 2484 797 2540; x_wconf 87' lang='lat' dir='ltr'><strong>sint</strong></span> <span class='ocrx_word' id='word_1_222' title='bbox 814 2485 926 2557; x_wconf 86' lang='lat' dir='ltr'><strong>reprobi</strong></span> <span class='ocrx_word' id='word_1_223' title='bbox 945 2483 1052 2556; x_wconf 80' lang='lat' dir='ltr'><strong>angeli,</strong></span> <span class='ocrx_word' id='word_1_224' title='bbox 1077 2483 1126 2536; x_wconf 79' lang='lat' dir='ltr'><strong>ilic</strong></span> 
     </span>
     <span class='ocr_line' id='line_1_27' title="bbox 217 2568 1125 2643; baseline -0.002 -19"><span class='ocrx_word' id='word_1_225' title='bbox 217 2585 274 2624; x_wconf 86' lang='lat' dir='ltr'><strong>non</strong></span> <span class='ocrx_word' id='word_1_226' title='bbox 303 2571 463 2641; x_wconf 54' lang='lat' dir='ltr'><strong>sequerere</strong></span> <span class='ocrx_word' id='word_1_227' title='bbox 495 2568 732 2640; x_wconf 78' lang='lat' dir='ltr'><strong>inconvenientia,</strong></span> <span class='ocrx_word' id='word_1_228' title='bbox 766 2573 879 2643; x_wconf 82' lang='lat' dir='ltr'><strong>quem³)</strong></span> <span class='ocrx_word' id='word_1_229' title='bbox 908 2571 987 2640; x_wconf 87' lang='lat' dir='ltr'><strong>sequi</strong></span> <span class='ocrx_word' id='word_1_230' title='bbox 1012 2583 1125 2624; x_wconf 85' lang='lat' dir='ltr'><strong>necesse</strong></span> 
     </span>
     <span class='ocr_line' id='line_1_28' title="bbox 219 2651 1125 2726; baseline -0.007 -16"><span class='ocrx_word' id='word_1_231' title='bbox 219 2660 274 2724; x_wconf 89' lang='lat' dir='ltr'><strong>est,</strong></span> <span class='ocrx_word' id='word_1_232' title='bbox 300 2655 324 2708; x_wconf 90' lang='lat' dir='ltr'><strong>si</strong></span> <span class='ocrx_word' id='word_1_233' title='bbox 341 2657 434 2726; x_wconf 91' lang='lat' dir='ltr'><strong>plures</strong></span> <span class='ocrx_word' id='word_1_234' title='bbox 459 2671 515 2709; x_wconf 91' lang='lat' dir='ltr'><strong>uon</strong></span> <span class='ocrx_word' id='word_1_235' title='bbox 539 2660 688 2725; x_wconf 86' lang='lat' dir='ltr'><strong>cruut;.et</strong></span> <span class='ocrx_word' id='word_1_236' title='bbox 710 2673 774 2710; x_wconf 90' lang='lat' dir='ltr'><strong>cum</strong></span> <span class='ocrx_word' id='word_1_237' title='bbox 796 2655 966 2726; x_wconf 80' lang='lat' dir='ltr'><strong>impossibile</strong></span> <span class='ocrx_word' id='word_1_238' title='bbox 984 2653 1020 2710; x_wconf 87' lang='lat' dir='ltr'><strong>eit</strong></span> <span class='ocrx_word' id='word_1_239' title='bbox 1036 2651 1125 2706; x_wconf 79' lang='lat' dir='ltr'><strong>nilum</strong></span> 
     </span>
     <span class='ocr_line' id='line_1_29' title="bbox 217 2739 1124 2818; baseline -0.006 -24"><span class='ocrx_word' id='word_1_240' title='bbox 217 2741 246 2794; x_wconf 81' lang='lat' dir='ltr'><strong>in</strong></span> <span class='ocrx_word' id='word_1_241' title='bbox 271 2740 322 2794; x_wconf 86' lang='lat' dir='ltr'><strong>ille</strong></span> <span class='ocrx_word' id='word_1_242' title='bbox 347 2741 459 2796; x_wconf 73' lang='lat' dir='ltr'><strong>civitate</strong></span> <span class='ocrx_word' id='word_1_243' title='bbox 483 2740 608 2796; x_wconf 83' lang='lat' dir='ltr'><strong>futurum</strong></span> <span class='ocrx_word' id='word_1_244' title='bbox 636 2739 847 2816; x_wconf 79' lang='lat' dir='ltr'><strong>inconveniens,</strong></span> <span class='ocrx_word' id='word_1_245' title='bbox 879 2739 989 2793; x_wconf 82' lang='lat' dir='ltr'><strong>videtur</strong></span> <span class='ocrx_word' id='word_1_246' title='bbox 1011 2741 1124 2818; x_wconf 83' lang='lat' dir='ltr'><strong>neccsse</strong></span> 
     </span>
     <span class='ocr_line' id='line_1_30' title="bbox 130 2821 1124 2896; baseline -0.007 -13"><span class='ocrx_word' id='word_1_247' title='bbox 130 2863 132 2869; x_wconf 34' lang='grc' dir='ltr'><strong><em>ι</em></strong></span> <span class='ocrx_word' id='word_1_248' title='bbox 218 2843 292 2894; x_wconf 80' lang='lat' dir='ltr'><strong>esse,</strong></span> <span class='ocrx_word' id='word_1_249' title='bbox 318 2830 350 2879; x_wconf 93' lang='lat' dir='ltr'><strong>ut</strong></span> <span class='ocrx_word' id='word_1_250' title='bbox 375 2826 468 2896; x_wconf 81' lang='lat' dir='ltr'><strong>angeli</strong></span> <span class='ocrx_word' id='word_1_251' title='bbox 492 2843 548 2880; x_wconf 87' lang='lat' dir='ltr'><strong>non</strong></span> <span class='ocrx_word' id='word_1_252' title='bbox 572 2826 627 2882; x_wconf 88' lang='lat' dir='ltr'><strong>sint</strong></span> <span class='ocrx_word' id='word_1_253' title='bbox 649 2825 719 2882; x_wconf 82' lang='lat' dir='ltr'><strong>fecti</strong></span> <span class='ocrx_word' id='word_1_254' title='bbox 743 2825 772 2881; x_wconf 89' lang='lat' dir='ltr'><strong>in</strong></span> <span class='ocrx_word' id='word_1_255' title='bbox 796 2824 845 2878; x_wconf 88' lang='lat' dir='ltr'><strong>illo</strong></span> <span class='ocrx_word' id='word_1_256' title='bbox 861 2821 987 2894; x_wconf 86' lang='lat' dir='ltr'><strong>perfecto</strong></span> <span class='ocrx_word' id='word_1_257' title='bbox 1000 2835 1124 2890; x_wconf 82' lang='lat' dir='ltr'><strong>numero,</strong></span> 
     </span>
     <span class='ocr_line' id='line_1_31' title="bbox 219 2905 1123 2982; baseline -0.007 -16"><span class='ocrx_word' id='word_1_258' title='bbox 219 2918 247 2966; x_wconf 88' lang='lat' dir='ltr'><strong>et</strong></span> <span class='ocrx_word' id='word_1_259' title='bbox 270 2912 365 2982; x_wconf 87' lang='lat' dir='ltr'><strong>plures</strong></span> <span class='ocrx_word' id='word_1_260' title='bbox 390 2911 478 2965; x_wconf 89' lang='lat' dir='ltr'><strong>futuri</strong></span> <span class='ocrx_word' id='word_1_261' title='bbox 505 2911 561 2966; x_wconf 86' lang='lat' dir='ltr'><strong>siut</strong></span> <span class='ocrx_word' id='word_1_262' title='bbox 588 2911 663 2968; x_wconf 81' lang='lat' dir='ltr'><strong>beuti</strong></span> <span class='ocrx_word' id='word_1_263' title='bbox 690 2911 814 2966; x_wconf 86' lang='lat' dir='ltr'><strong>hemines</strong></span> <span class='ocrx_word' id='word_1_264' title='bbox 841 2923 924 2980; x_wconf 82' lang='lat' dir='ltr'><strong>quem</strong></span> <span class='ocrx_word' id='word_1_265' title='bbox 951 2905 1007 2962; x_wconf 83' lang='lat' dir='ltr'><strong>siut</strong></span> <span class='ocrx_word' id='word_1_266' title='bbox 1031 2905 1123 2961; x_wconf 84' lang='lat' dir='ltr'><strong>miseri</strong></span> 
     </span>
     <span class='ocr_line' id='line_1_32' title="bbox 166 2990 1121 3070; baseline -0.007 -20"><span class='ocrx_word' id='word_1_267' title='bbox 166 2999 200 3050; x_wconf 76' lang='lat'><strong>26</strong></span> <span class='ocrx_word' id='word_1_268' title='bbox 218 2998 321 3070; x_wconf 76' lang='lat' dir='ltr'><strong>augeli.</strong></span> <span class='ocrx_word' id='word_1_269' title='bbox 355 3001 423 3052; x_wconf 84' lang='lat' dir='ltr'><strong>Boe.</strong></span> <span class='ocrx_word' id='word_1_270' title='bbox 454 2996 519 3053; x_wconf 87' lang='lat' dir='ltr'><strong>Non</strong></span> <span class='ocrx_word' id='word_1_271' title='bbox 536 2997 626 3063; x_wconf 87' lang='lat' dir='ltr'><strong>video,</strong></span> <span class='ocrx_word' id='word_1_272' title='bbox 646 3015 702 3069; x_wconf 84' lang='lat' dir='ltr'><strong>que</strong></span> <span class='ocrx_word' id='word_1_273' title='bbox 718 2995 825 3051; x_wconf 84' lang='lat' dir='ltr'><strong>ratione</strong></span> <span class='ocrx_word' id='word_1_274' title='bbox 841 2993 895 3062; x_wconf 88' lang='lat' dir='ltr'><strong>hoc</strong></span> <span class='ocrx_word' id='word_1_275' title='bbox 913 2990 1009 3064; x_wconf 78' lang='lat' dir='ltr'><strong>negari</strong></span> <span class='ocrx_word' id='word_1_276' title='bbox 1027 2996 1121 3064; x_wconf 71' lang='lat' dir='ltr'><strong>queat</strong></span> 
     </span>
    </p>
   </div>
   <div class='ocr_carea' id='block_1_9' title="bbox 572 3123 640 3132">
    <p class='ocr_par' dir='ltr' id='par_1_9' title="bbox 572 3123 640 3132">
     <span class='ocr_line' id='line_1_33' title="bbox 572 3123 640 3132; baseline 0 -2"><span class='ocrx_word' id='word_1_277' title='bbox 572 3123 640 3132; x_wconf 57' lang='grc' dir='ltr'>μ...-</span> 
     </span>
    </p>
   </div>
   <div class='ocr_carea' id='block_1_10' title="bbox 287 3183 1000 3324">
    <p class='ocr_par' dir='ltr' id='par_1_10' title="bbox 287 3183 1000 3324">
     <span class='ocr_line' id='line_1_34' title="bbox 289 3183 643 3254; baseline 0 -14"><span class='ocrx_word' id='word_1_278' title='bbox 289 3189 314 3253; x_wconf 79' lang='lat' dir='ltr'><strong>t)</strong></span> <span class='ocrx_word' id='word_1_279' title='bbox 332 3185 406 3240; x_wconf 85' lang='lat' dir='ltr'><strong>Acte</strong></span> <span class='ocrx_word' id='word_1_280' title='bbox 424 3183 521 3254; x_wconf 83' lang='lat' dir='ltr'><strong>Apost.</strong></span> <span class='ocrx_word' id='word_1_281' title='bbox 543 3191 582 3252; x_wconf 86' lang='lat'><strong>10,</strong></span> <span class='ocrx_word' id='word_1_282' title='bbox 601 3191 643 3240; x_wconf 84' lang='lat'><strong>35.</strong></span> 
     </span>
     <span class='ocr_line' id='line_1_35' title="bbox 287 3246 1000 3324; baseline -0.008 -16"><span class='ocrx_word' id='word_1_283' title='bbox 287 3261 301 3310; x_wconf 82' lang='lat'>2</span> <span class='ocrx_word' id='word_1_284' title='bbox 334 3263 463 3324; x_wconf 70' lang='lat' dir='ltr'><strong>ecquctur</strong></span> <span class='ocrx_word' id='word_1_285' title='bbox 479 3254 534 3311; x_wconf 73' lang='lat' dir='ltr'><strong>Aa</strong></span> <span class='ocrx_word' id='word_1_286' title='bbox 552 3283 585 3292; x_wconf 85' lang='lat'><em>-</em></span> <span class='ocrx_word' id='word_1_287' title='bbox 605 3259 736 3322; x_wconf 75' lang='lat' dir='ltr'><strong>sequatur</strong></span> <span class='ocrx_word' id='word_1_288' title='bbox 754 3249 836 3304; x_wconf 88' lang='lat' dir='ltr'><strong>Abc</strong></span> <span class='ocrx_word' id='word_1_289' title='bbox 854 3249 878 3303; x_wconf 92' lang='lat' dir='ltr'>B</span> <span class='ocrx_word' id='word_1_290' title='bbox 898 3246 923 3301; x_wconf 80' lang='grc' dir='ltr'><em>Ε</em></span> <span class='ocrx_word' id='word_1_291' title='bbox 940 3247 1000 3304; x_wconf 73' lang='lat' dir='ltr'><strong>Fe.</strong></span> 
     </span>
    </p>
   </div>
   <div class='ocr_carea' id='block_1_11' title="bbox 287 3323 452 3392">
    <p class='ocr_par' dir='ltr' id='par_1_11' title="bbox 287 3323 452 3392">
     <span class='ocr_line' id='line_1_36' title="bbox 287 3323 452 3392; baseline 0 -16"><span class='ocrx_word' id='word_1_292' title='bbox 287 3329 301 3376; x_wconf 84' lang='lat'>3</span> <span class='ocrx_word' id='word_1_293' title='bbox 332 3323 403 3392; x_wconf 68' lang='lat' dir='ltr'><strong>quiae</strong></span> <span class='ocrx_word' id='word_1_294' title='bbox 419 3323 452 3376; x_wconf 92' lang='lat' dir='ltr'><strong>B.</strong></span> 
     </span>
    </p>
   </div>
   <div class='ocr_carea' id='block_1_12' title="bbox 0 0 1318 3810">
    <p class='ocr_par' dir='ltr' id='par_1_12' title="bbox 0 0 1318 3810">
     <span class='ocr_line' id='line_1_37' title="bbox 0 0 1318 3810; baseline 0 1"><span class='ocrx_word' id='word_1_295' title='bbox 0 0 1318 3810; x_wconf 95' lang='lat' dir='ltr'><strong> </strong></span> 
     </span>
    </p>
   </div>
  </div>
 </body>
</html>
