2628 3810
370 243 701 329 commestione.
734 273 757 327 1.
776 277 860 330 eto.
887 283 893 324 r
1029 275 1068 341 t‘l

163 440 292 496 volentes
306 446 373 508 ¹tuo,
394 439 424 493 id
443 445 502 508 est,
517 439 567 494 fiet
585 457 659 496 more
676 459 754 512 meo,
770 447 803 496 nt
820 443 940 496 mundus
958 441 1071 499 tibine

162 525 329 582 eoneilietnr.
369 523 548 596 Numeaepe
573 525 695 598 aliquem
717 528 789 584 velle
814 527 930 582 dicimus
953 527 1069 599 aliquid,
1086 531 1119 583 ²6

162 610 229 682 quio
255 627 312 665 non
334 609 395 665 vult
415 609 507 680 eliud,
534 612 657 682 quodsi
683 613 782 682 vellet,
811 631 867 668 non
891 611 972 668 fieret
995 613 1067 667 illud

163 695 238 766 quod
259 695 361 750 dieitur
378 697 465 764 velle3
486 701 518 752 ut
535 714 598 752 eum
610 697 735 768 dioimnr,
752 698 830 754 illum
842 699 984 754 luoeroem
995 698 1068 754 vello

162 780 336 850 extinguere,
363 781 411 851 qui
430 797 486 835 non
503 781 564 836 vult
578 781 728 838 fenestram
746 783 888 852 claudere,
913 800 964 854 per
982 799 1068 854 quem

161 871 261 920 ventus
286 865 374 920 intret
396 866 444 938 qui
468 865 612 926 lucernam
629 868 780 940 ⁴extinguit
818 867 863 923 Sio
890 884 957 940 ergo
979 869 1069 923 voluit
1085 876 1116 926 27

161 949 377 1010 Petermortem
397 953 478 1023 Filii,
495 952 563 1024 quie
579 970 636 1009 non
652 954 735 1010 aliter
751 955 841 1009 voluit
857 954 993 1011 mundum
1013 954 1067 1008 nal-

160 1035 221 1090 vonr‘
238 1036 290 1093 ulei
307 1036 388 1094 homo
405 1045 464 1094 tem
481 1055 615 1109 megnum
632 1039 742 1110 aliquid
754 1038 867 1108 feceret,
888 1045 921 1094 ut
933 1039 987 1094 iam
999 1039 1064 1094 dixi.

163 1120 244 1186 Quod
260 1121 333 1176 Filio
355 1123 462 1178 volenti
488 1124 608 1178 sulutem
625 1125 767 1180 hominum
787 1126 951 1180 tantundem
969 1125 1068 1196 veluit,
1084 1129 1135 1186 28⁴

161 1207 292 1278 quoniam
308 1207 361 1262 hoe
388 1208 459 1264 elius
482 1207 576 1264 iecere
601 1227 658 1265 non
680 1201 805 1279 vnlebet,
832 1217 967 1282 quantum
984 1210 1008 1264 ei
1025 1210 1067 1264 illi

162 1291 231 1348 mori
255 1293 444 1365 praeciperem
471 1295 546 1349 unde
569 1293 619 1349 ille
641 1293 713 1349 siout
736 1297 899 1350 mundatum
922 1295 964 1349 illi
990 1289 1079 1352 dedit
1137 1357 1139 1360 ,

159 1379 258 1448 Peter,
282 1380 323 1434 eie
345 1377 413 1434 feeit
437 1383 465 1433 et
490 1377 606 1434 oalioem
624 1395 707 1448 quem
735 1378 813 1433 dedit
830 1380 855 1435 ei
872 1381 972 1449 Peter,
995 1380 1069 1436 bibit
1095 1387 1097 1392 “

161 1463 293 1521 obediens
310 1480 400 1534 neque
414 1463 452 1519 ed
466 1468 591 1518 mortem.
776 1467 778 1472 '
937 1459 939 1464 ’

240 1617 310 1703 lt.
356 1648 454 1703 Potest
479 1647 562 1702 etiam
582 1653 660 1705 reete
683 1648 908 1721 intellegesque
926 1647 1068 1719 pernam
1088 1654 1100 1705 1

161 1733 244 1804 piem·
260 1733 446 1802 voluntatem,
474 1750 531 1805 que
555 1735 643 1789 voluit
667 1734 757 1788 Filius
779 1751 831 1804 pro
855 1733 946 1788 solute
971 1734 1071 1788 mundi·

160 1819 239 1888 mori,
262 1819 340 1873 dedit
360 1817 403 1872 illi
427 1818 513 1874 Peter
536 1818 604 1890 (non
627 1827 720 1876 temen
744 1807 880 1892 cogendo)
906 1821 1069 1874 mandatum

162 1907 192 1956 et
206 1903 322 1958 culicem
339 1905 476 1974 passionis
501 1912 529 1960 et
553 1922 609 1961 non
625 1905 751 1977 pepercit
768 1905 823 1974 illi,
851 1906 901 1960 eed
917 1921 969 1976 pro
987 1903 1068 1959 nobie

153 1985 276 2042 tradidit
293 1989 373 2044 illum
394 1997 422 2044 et
440 1996 557 2045 mortem
579 1991 655 2044 illiue
675 1991 779 2053 voluit3
809 1997 837 2046 et
859 1991 926 2062 quie
942 1991 1004 2061 ipse
1020 1989 1066 2044 Fi-

78 2097 79 2100 *
160 2073 215 2126 line
239 2072 370 2130 obediens
395 2075 449 2130 fuit
476 2091 566 2146 unque
592 2077 629 2129 ed
651 2083 784 2146 mortem,
810 2081 840 2130 et
857 2075 956 2130 didicit
974 2093 1008 2130 ex
1024 2075 1067 2129 hie

162 2171 235 2227 quae
257 2173 356 2226 poenus
381 2167 424 2215 eet
442 2159 638 2217 obedientiam.
674 2160 913 2225 Quemadmodum
933 2161 1005 2216 enim
1027 2159 1102 2215 nel

162 2241 285 2296 nundum
302 2242 501 2300 humanitatom
517 2261 575 2300 non
593 2244 715 2303 habebat
727 2262 752 2321 e
769 2263 799 2300 ee
811 2244 982 2300 voluntatem
996 2246 1069 2300 iuste

161 2329 273 2382 vivendi
291 2331 342 2382 sed
360 2346 378 2383 e
395 2331 493 2400 Patre,
519 2331 560 2385 ite
577 2347 688 2402 quoque
708 2329 784 2384 illem
801 2329 987 2398 uoluntatem,
1012 2345 1068 2399 que

162 2419 195 2468 ut
213 2419 322 2468 tentum
344 2413 448 2470 bonum
473 2413 593 2482 feceret,
618 2414 689 2469 mori
710 2414 813 2484 voluit,
835 2431 891 2468 nou
914 2413 1006 2484 potuit
1020 2415 1069 2468 he·

162 2499 228 2554 bere
245 2499 300 2553 nisi
318 2515 336 2553 e
353 2498 437 2553 Petro
459 2499 607 2570 luminum,
633 2517 651 2554 e
675 2517 730 2571 quo
749 2507 791 2554 eet
809 2515 890 2554 omne
907 2500 1003 2554 datum
1021 2516 1069 2571 op-
1129 2567 1131 2573 Ι

161 2585 259 2640 timum
280 2592 309 2639 et
325 2600 406 2639 omne
426 2585 529 2638 donum
551 2586 750 2656 perfeetum)
773 2590 802 2638 et
820 2584 894 2638 siout
909 2584 995 2640 Peter
1012 2592 1068 2640 tro-

162 2668 228 2724 here
245 2671 338 2725 dendo
356 2669 526 2725 voluntatem
543 2669 659 2737 dieitur,
684 2667 724 2720 itu
739 2685 795 2721 non
812 2667 964 2739 incongrue
981 2670 1026 2740 fit,
1047 2673 1070 2725 oi

163 2753 305 2824 impellere
326 2754 466 2813 usserium.
509 2753 587 2809 Siout
612 2754 685 2809 enim
711 2751 780 2806 dieit
801 2752 889 2807 Filius
915 2756 951 2808 de
971 2755 1068 2812 Putre:
1086 2759 1103 2808 3

165 2839 254 2892 Nemo
285 2842 359 2894 verrit
388 2842 429 2893 ad
457 2857 513 2908 me,
549 2841 607 2892 eet
635 2841 723 2892 Peter·
751 2839 868 2890 troeere't
897 2842 999 2907 eom,²)
1030 2841 1070 2894 ita
1137 2881 1138 2884 η

165 2924 256 2979 dioene
285 2926 390 2996 potuit,
421 2925 475 2978 nisi
505 2923 647 2996 impulerit
676 2939 749 2980 eum.
798 2921 928 2978 Similiter
958 2929 1105 2994 quoquot

235 3112 259 3178 l)
288 3111 345 3165 Cfr.
362 3111 457 3166 Iacob.
477 3115 505 3180 1,
537 3116 580 3166 17:
606 3111 689 3164 Πᾶσα
714 3107 791 3169 δόσις
818 3107 911 3179 ἀγαθὴ
939 3111 985 3161 καὶ
1012 3112 1070 3162 πᾶν

163 3176 284 3264 dolonem
299 3183 404 3235 τέλειον
423 3178 536 3236 ἄνωθέν
554 3181 632 3235 ἐστιν
648 3186 817 3248 καταβαῖνον
835 3175 892 3236 ἀπὸ
905 3177 1071 3253 τοῦπατρὸς

165 3267 349 3318 roupertum.

234 3322 261 3392 2)
283 3315 380 3372 Ioann.
401 3321 424 3388 6,
443 3322 484 3376 44.
550 3385 552 3390 ,

891 3401 906 3450 2
958 3391 960 3398 .
