2628 3810
199 1169 202 1174 .
292 1063 649 1162 l'llilllll'l’lll
695 1063 737 1160 S.
784 1063 1079 1162 llllSlllrlll.

603 1346 769 1354 ——-—

209 1482 308 1590 Opus
338 1501 499 1570 subditum
530 1508 661 1588 prepter
691 1501 862 1586 quosdam,
903 1501 958 1585 qui
993 1507 1166 1587 antequam

207 1596 384 1682 perfeetum
411 1603 444 1662 et
473 1595 667 1679 exquisitum
695 1602 796 1681 esset,
823 1594 944 1680 primas
963 1601 1073 1680 partes
1096 1596 1165 1662 eius

207 1702 258 1748 me
280 1681 443 1748 nesciente
465 1681 527 1748 sibi
548 1681 829 1765 transscribebant,
850 1679 1053 1747 festinantius
1069 1700 1166 1763 quam
1268 1711 1273 1724 ·

206 1766 284 1832 mihi
307 1773 520 1852 opportunum
539 1774 635 1850 esset,
653 1787 692 1832 ae
706 1766 779 1834 idea
794 1764 923 1831 brevius
938 1786 1034 1849 quam
1048 1765 1167 1831 vellem

208 1872 279 1918 sum
308 1857 451 1936 coaetus,
483 1857 519 1915 ut
545 1852 651 1937 potui,
685 1870 913 1918 consummare.
963 1852 1047 1916 Nam
1072 1851 1167 1936 plura

209 1956 291 2022 qnae
312 1935 414 2020 taeui,
439 1937 646 2002 inseruissem
668 1945 701 2003 et
721 1935 933 2018 addidissem,
955 1935 982 2000 si
1004 1937 1037 2000 in
1059 1935 1166 2019 quiete

209 2028 242 2086 et
273 2041 412 2105 eengmo
445 2022 550 2105 spatio
582 2021 664 2086 illud
694 2022 771 2087 mihi
803 2021 898 2088 edere
927 2020 1079 2088 licuisset
1126 2022 1166 2086 In

208 2125 328 2188 magna
348 2105 434 2172 enim
454 2106 560 2173 sordis
587 2106 807 2192 tribulatione,
833 2126 929 2188 quam
950 2104 1035 2172 unde
1057 2113 1089 2171 et
1111 2127 1166 2171 eur

157 2278 159 2282 Ι
208 2210 325 2290 passus
355 2191 416 2257 sim
448 2193 539 2258 novit
566 2193 672 2276 Deus,
706 2192 787 2258 illud
818 2191 852 2255 in
884 2190 1003 2274 Anglia
1034 2196 1166 2274 rogatus

208 2295 279 2341 mee
304 2276 315 2341 i
340 2284 373 2343 et
399 2277 433 2342 in
456 2277 613 2362 capuana
641 2276 808 2362 provincia
826 2275 1015 2360 peregrinus
1036 2275 1166 2359 perfeci.

208 2297 302 2440 Quod
323 2362 499 2427 seeundum
519 2361 687 2430 materiam
711 2362 836 2446 deque
857 2360 978 2426 editum
999 2362 1057 2460 est²
1081 2359 1167 2460 CUI}

207 2447 322 2513 DEUS
344 2446 467 2514 HOMO
490 2447 652 2513 nominavi
673 2455 707 2513 et
726 2447 760 2512 in
784 2447 864 2512 duos
884 2445 1009 2512 libellos
1025 2445 1166 2512 drstinxr.

208 2529 371 2608 Quorum*
401 2531 465 2596 rior
494 2532 624 2614 quidem
651 2531 828 2597 infidelium
848 2530 1065 2615 respuentium
1086 2521 1166 2596 thri-

208 2617 347 2682 stianam
364 2552 474 2701 llllem,
498 2615 573 2699 quia
594 2617 711 2684 rationi
730 2623 845 2701 putant
865 2615 954 2681 illam
976 2636 1166 2700 repugnare,

208 2699 350 2767 eontinet
385 2700 579 2766 obiectiones
615 2708 648 2767 et
682 2701 825 2768 fidelium
857 2703 1097 2786 responsionem
1128 2721 1166 2766 ae
1248 2745 1251 2752 ι

207 2784 339 2851 tandem
360 2791 481 2852 remoto
508 2784 634 2851 Christo
658 2823 701 2832 -
729 2786 823 2871 quasi
850 2805 1023 2870 numquam
1044 2784 1167 2869 aliquid

207 2868 303 2935 fuerit
325 2870 366 2935 de
386 2869 443 2936 illo
465 2907 506 2915 -
527 2870 643 2955 probat
663 2871 839 2938 rationibus
860 2871 1066 2956 necessariis,
1094 2875 1166 2937 esse

208 2952 407 3039 impossibile
433 2954 534 3020 ullum
566 2953 726 3021 hominem
760 2957 881 3022 salvari
910 2956 979 3023 sine
1008 2956 1073 3023 ille.
1126 2956 1167 3020 In

123 3081 134 3092 -
209 3039 350 3104 seeundo
379 3045 486 3106 autem
514 3041 595 3107 libro
623 3040 785 3127 similiter,
819 3041 912 3127 quasi
941 3040 1021 3106 nihil
1046 3040 1195 3106 seiaturn

208 3119 250 3187 de
277 3122 418 3210 Christo,
453 3132 647 3193 monstratur
674 3146 739 3192 non
769 3126 874 3200 minus
901 3132 1015 3211 aperta
1041 3126 1166 3192 ratione

209 3213 243 3274 et
268 3207 420 3293 veritate,
452 3217 600 3277 naturam
630 3211 801 3278 humanam
831 3210 874 3276 ad
900 3210 961 3276 hoe
987 3210 1167 3276 institutam

208 3312 295 3381 esse,
324 3300 360 3360 ut
388 3296 561 3382 aliquande
584 3293 821 3364 immortalitate
847 3295 946 3363 beata
964 3301 1050 3364 totus
1071 3294 1165 3360 homo
