<?xml version="1.0" encoding="UTF-8"?>
<!DOCTYPE html PUBLIC "-//W3C//DTD XHTML 1.0 Transitional//EN"
    "http://www.w3.org/TR/xhtml1/DTD/xhtml1-transitional.dtd">
<html xmlns="http://www.w3.org/1999/xhtml" xml:lang="en" lang="en">
 <head>
  <title>
</title>
<meta http-equiv="Content-Type" content="text/html;charset=utf-8" />
  <meta name='ocr-system' content='tesseract 3.04.00' />
  <meta name='ocr-capabilities' content='ocr_page ocr_carea ocr_par ocr_line ocrx_word'/>
</head>
<body>
  <div class='ocr_page' id='page_1' title='image "./sanselmicantuar00laemgoog_0100.png"; bbox 0 0 2628 3810; ppageno 0'>
   <div class='ocr_carea' id='block_1_1' title="bbox 395 289 1095 358">
    <p class='ocr_par' dir='ltr' id='par_1_1' title="bbox 395 289 1095 358">
     <span class='ocr_line' id='line_1_1' title="bbox 395 289 1095 358; baseline -0.014 -3"><span class='ocrx_word' id='word_1_1' title='bbox 395 293 591 354; x_wconf 73' lang='lat' dir='ltr'><strong>cunutus</strong></span> <span class='ocrx_word' id='word_1_2' title='bbox 608 291 731 351; x_wconf 85' lang='lat' dir='ltr'><strong>HOMO.</strong></span> <span class='ocrx_word' id='word_1_3' title='bbox 766 291 886 349; x_wconf 78' lang='lat' dir='ltr'><strong>llea</strong></span> <span class='ocrx_word' id='word_1_4' title='bbox 1014 341 1016 346; x_wconf 92' lang='lat'><em>.</em></span> <span class='ocrx_word' id='word_1_5' title='bbox 1052 289 1095 358; x_wconf 79' lang='grc'><strong>75</strong></span> 
     </span>
    </p>
   </div>
   <div class='ocr_carea' id='block_1_2' title="bbox 187 461 1231 1304">
    <p class='ocr_par' dir='ltr' id='par_1_2' title="bbox 187 461 1231 1304">
     <span class='ocr_line' id='line_1_2' title="bbox 187 461 1094 537; baseline -0.006 -17"><span class='ocrx_word' id='word_1_6' title='bbox 187 465 338 522; x_wconf 84' lang='lat' dir='ltr'><strong>humanum</strong></span> <span class='ocrx_word' id='word_1_7' title='bbox 363 483 452 537; x_wconf 80' lang='lat' dir='ltr'><strong>genus</strong></span> <span class='ocrx_word' id='word_1_8' title='bbox 479 471 507 521; x_wconf 89' lang='lat' dir='ltr'><strong>et</strong></span> <span class='ocrx_word' id='word_1_9' title='bbox 531 479 565 520; x_wconf 87' lang='lat' dir='ltr'><strong>ea</strong></span> <span class='ocrx_word' id='word_1_10' title='bbox 588 479 660 536; x_wconf 86' lang='lat' dir='ltr'><strong>quae</strong></span> <span class='ocrx_word' id='word_1_11' title='bbox 676 461 744 520; x_wconf 80' lang='lat' dir='ltr'><strong>fecit</strong></span> <span class='ocrx_word' id='word_1_12' title='bbox 761 467 875 536; x_wconf 87' lang='lat' dir='ltr'><strong>propter</strong></span> <span class='ocrx_word' id='word_1_13' title='bbox 890 475 971 515; x_wconf 86' lang='lat' dir='ltr'><strong>usum</strong></span> <span class='ocrx_word' id='word_1_14' title='bbox 990 469 1094 532; x_wconf 87' lang='lat' dir='ltr'><strong>eorum,</strong></span> 
     </span>
     <span class='ocr_line' id='line_1_3' title="bbox 189 543 1095 623; baseline -0.007 -18"><span class='ocrx_word' id='word_1_15' title='bbox 189 549 341 623; x_wconf 88' lang='lat' dir='ltr'><strong>dequibus</strong></span> <span class='ocrx_word' id='word_1_16' title='bbox 358 565 480 622; x_wconf 86' lang='lat' dir='ltr'><strong>superna</strong></span> <span class='ocrx_word' id='word_1_17' title='bbox 502 551 599 606; x_wconf 78' lang='lat' dir='ltr'><strong>civitas</strong></span> <span class='ocrx_word' id='word_1_18' title='bbox 623 549 794 622; x_wconf 82' lang='lat' dir='ltr'><strong>perficienda</strong></span> <span class='ocrx_word' id='word_1_19' title='bbox 810 554 866 619; x_wconf 89' lang='lat' dir='ltr'><strong>est,</strong></span> <span class='ocrx_word' id='word_1_20' title='bbox 892 546 972 618; x_wconf 87' lang='lat' dir='ltr'><strong>quasi</strong></span> <span class='ocrx_word' id='word_1_21' title='bbox 990 543 1095 600; x_wconf 69' lang='lat' dir='ltr'><strong>trusus</strong></span> 
     </span>
     <span class='ocr_line' id='line_1_4' title="bbox 189 632 1147 708; baseline -0.002 -16"><span class='ocrx_word' id='word_1_22' title='bbox 189 637 317 693; x_wconf 75' lang='lat' dir='ltr'><strong>extitisse.</strong></span> <span class='ocrx_word' id='word_1_23' title='bbox 359 637 432 695; x_wconf 81' lang='lat' dir='ltr'><strong>Nam</strong></span> <span class='ocrx_word' id='word_1_24' title='bbox 457 635 633 708; x_wconf 78' lang='lat' dir='ltr'><strong>aliquatenus</strong></span> <span class='ocrx_word' id='word_1_25' title='bbox 652 632 690 690; x_wconf 73' lang='lat' dir='ltr'><strong>&#39;iu</strong></span> <span class='ocrx_word' id='word_1_26' title='bbox 718 651 821 690; x_wconf 83' lang='lat' dir='ltr'><strong>vanum</strong></span> <span class='ocrx_word' id='word_1_27' title='bbox 844 651 905 691; x_wconf 86' lang='lat' dir='ltr'><strong>esse</strong></span> <span class='ocrx_word' id='word_1_28' title='bbox 926 633 1095 702; x_wconf 86' lang='lat' dir='ltr'><strong>viderentur,</strong></span> <span class='ocrx_word' id='word_1_29' title='bbox 1112 640 1147 690; x_wconf 82' lang='lat'><strong>24</strong></span> 
     </span>
     <span class='ocr_line' id='line_1_5' title="bbox 189 719 1231 802; baseline -0.003 -27"><span class='ocrx_word' id='word_1_30' title='bbox 189 721 322 792; x_wconf 85' lang='lat' dir='ltr'><strong>quamdiu</strong></span> <span class='ocrx_word' id='word_1_31' title='bbox 340 741 396 778; x_wconf 91' lang='lat' dir='ltr'><strong>nou</strong></span> <span class='ocrx_word' id='word_1_32' title='bbox 415 723 451 777; x_wconf 88' lang='lat' dir='ltr'><strong>ad</strong></span> <span class='ocrx_word' id='word_1_33' title='bbox 470 722 523 778; x_wconf 90' lang='lat' dir='ltr'><strong>boc</strong></span> <span class='ocrx_word' id='word_1_34' title='bbox 545 729 659 794; x_wconf 86' lang='lat' dir='ltr'><strong>propter</strong></span> <span class='ocrx_word' id='word_1_35' title='bbox 681 721 756 793; x_wconf 89' lang='lat' dir='ltr'><strong>quod</strong></span> <span class='ocrx_word' id='word_1_36' title='bbox 775 719 893 776; x_wconf 88' lang='lat' dir='ltr'><strong>maxime</strong></span> <span class='ocrx_word' id='word_1_37' title='bbox 909 719 985 774; x_wconf 86' lang='lat' dir='ltr'><strong>facta</strong></span> <span class='ocrx_word' id='word_1_38' title='bbox 1003 723 1096 775; x_wconf 83' lang='lat' dir='ltr'><strong>esseut</strong></span> <span class='ocrx_word' id='word_1_39' title='bbox 1223 783 1231 802; x_wconf 30' lang='grc' dir='ltr'><strong>ι</strong></span> 
     </span>
     <span class='ocr_line' id='line_1_6' title="bbox 187 804 1146 880; baseline 0.002 -20"><span class='ocrx_word' id='word_1_40' title='bbox 187 805 346 862; x_wconf 84' lang='lat' dir='ltr'><strong>viderentur</strong></span> <span class='ocrx_word' id='word_1_41' title='bbox 369 809 527 865; x_wconf 76' lang='lat' dir='ltr'>subsistere.</span> <span class='ocrx_word' id='word_1_42' title='bbox 568 809 637 862; x_wconf 84' lang='lat' dir='ltr'><strong>Bos.</strong></span> <span class='ocrx_word' id='word_1_43' title='bbox 673 804 844 880; x_wconf 79' lang='lat' dir='ltr'><strong>Congrueuti</strong></span> <span class='ocrx_word' id='word_1_44' title='bbox 869 805 977 860; x_wconf 89' lang='lat' dir='ltr'><strong>ratione</strong></span> <span class='ocrx_word' id='word_1_45' title='bbox 996 811 1026 861; x_wconf 86' lang='lat' dir='ltr'><strong>et</strong></span> <span class='ocrx_word' id='word_1_46' title='bbox 1049 806 1095 860; x_wconf 90' lang='lat' dir='ltr'><strong>cui</strong></span> <span class='ocrx_word' id='word_1_47' title='bbox 1112 811 1146 864; x_wconf 78' lang='lat'><strong>25</strong></span> 
     </span>
     <span class='ocr_line' id='line_1_7' title="bbox 188 889 1095 966; baseline -0.003 -18"><span class='ocrx_word' id='word_1_48' title='bbox 188 891 257 948; x_wconf 84' lang='lat' dir='ltr'><strong>nihil</strong></span> <span class='ocrx_word' id='word_1_49' title='bbox 276 909 431 966; x_wconf 84' lang='lat' dir='ltr'><strong>repugnare</strong></span> <span class='ocrx_word' id='word_1_50' title='bbox 447 891 558 949; x_wconf 82' lang='lat' dir='ltr'><strong>videtur</strong></span> <span class='ocrx_word' id='word_1_51' title='bbox 582 898 734 961; x_wconf 73' lang='lat' dir='ltr'>monstras,</span> <span class='ocrx_word' id='word_1_52' title='bbox 757 889 865 946; x_wconf 90' lang='lat' dir='ltr'><strong>nullum</strong></span> <span class='ocrx_word' id='word_1_53' title='bbox 883 907 1007 964; x_wconf 91' lang='lat' dir='ltr'><strong>uuquam</strong></span> <span class='ocrx_word' id='word_1_54' title='bbox 1025 895 1095 946; x_wconf 88' lang='lat' dir='ltr'><strong>tem·</strong></span> 
     </span>
     <span class='ocr_line' id='line_1_8' title="bbox 188 974 1095 1052; baseline -0.004 -20"><span class='ocrx_word' id='word_1_55' title='bbox 188 993 242 1049; x_wconf 91' lang='lat' dir='ltr'><strong>pus</strong></span> <span class='ocrx_word' id='word_1_56' title='bbox 259 977 344 1034; x_wconf 81' lang='lat' dir='ltr'><strong>fuisse</strong></span> <span class='ocrx_word' id='word_1_57' title='bbox 365 995 399 1035; x_wconf 88' lang='lat' dir='ltr'><strong>ex</strong></span> <span class='ocrx_word' id='word_1_58' title='bbox 416 996 472 1052; x_wconf 89' lang='lat' dir='ltr'><strong>quo</strong></span> <span class='ocrx_word' id='word_1_59' title='bbox 498 978 591 1034; x_wconf 82' lang='lat' dir='ltr'><strong>factus</strong></span> <span class='ocrx_word' id='word_1_60' title='bbox 617 983 660 1034; x_wconf 85' lang='lat' dir='ltr'><strong>est</strong></span> <span class='ocrx_word' id='word_1_61' title='bbox 681 977 764 1032; x_wconf 90' lang='lat' dir='ltr'><strong>homo</strong></span> <span class='ocrx_word' id='word_1_62' title='bbox 790 975 896 1047; x_wconf 78' lang='lat' dir='ltr'>absque</span> <span class='ocrx_word' id='word_1_63' title='bbox 913 975 1020 1046; x_wconf 83' lang='lat' dir='ltr'><strong>aliquo,</strong></span> <span class='ocrx_word' id='word_1_64' title='bbox 1047 974 1095 1046; x_wconf 89' lang='lat' dir='ltr'><strong>qui</strong></span> 
     </span>
     <span class='ocr_line' id='line_1_9' title="bbox 189 1057 1094 1136; baseline -0.006 -18"><span class='ocrx_word' id='word_1_65' title='bbox 189 1063 225 1118; x_wconf 86' lang='lat' dir='ltr'><strong>ad</strong></span> <span class='ocrx_word' id='word_1_66' title='bbox 251 1079 312 1119; x_wconf 85' lang='lat' dir='ltr'><strong>eam</strong></span> <span class='ocrx_word' id='word_1_67' title='bbox 340 1065 491 1136; x_wconf 80' lang='lat' dir='ltr'><strong>pertineret</strong></span> <span class='ocrx_word' id='word_1_68' title='bbox 519 1063 589 1134; x_wconf 89' lang='lat' dir='ltr'><strong>(sine</strong></span> <span class='ocrx_word' id='word_1_69' title='bbox 620 1079 676 1134; x_wconf 85' lang='lat' dir='ltr'><strong>qua</strong></span> <span class='ocrx_word' id='word_1_70' title='bbox 700 1063 793 1118; x_wconf 87' lang='lat' dir='ltr'><strong>lactus</strong></span> <span class='ocrx_word' id='word_1_71' title='bbox 817 1066 891 1118; x_wconf 89' lang='lat' dir='ltr'><strong>esset</strong></span> <span class='ocrx_word' id='word_1_72' title='bbox 913 1077 985 1116; x_wconf 88' lang='lat' dir='ltr'><strong>vane</strong></span> <span class='ocrx_word' id='word_1_73' title='bbox 1007 1057 1094 1115; x_wconf 88' lang='lat' dir='ltr'><strong>omnis</strong></span> 
     </span>
     <span class='ocr_line' id='line_1_10' title="bbox 188 1145 1095 1219; baseline -0.001 -18"><span class='ocrx_word' id='word_1_74' title='bbox 188 1147 281 1214; x_wconf 87' lang='lat' dir='ltr'><strong>bomo)</strong></span> <span class='ocrx_word' id='word_1_75' title='bbox 309 1149 578 1217; x_wconf 68' lang='lat' dir='ltr'><strong>reconciliationem</strong></span> <span class='ocrx_word' id='word_1_76' title='bbox 614 1148 689 1219; x_wconf 84' lang='lat' dir='ltr'><strong>quod</strong></span> <span class='ocrx_word' id='word_1_77' title='bbox 724 1165 781 1204; x_wconf 89' lang='lat' dir='ltr'><strong>nou</strong></span> <span class='ocrx_word' id='word_1_78' title='bbox 811 1147 900 1204; x_wconf 87' lang='lat' dir='ltr'><strong>solum</strong></span> <span class='ocrx_word' id='word_1_79' title='bbox 929 1145 1095 1202; x_wconf 80' lang='lat' dir='ltr'><strong>c&#39;onveulens</strong></span> 
     </span>
     <span class='ocr_line' id='line_1_11' title="bbox 191 1225 1147 1304; baseline 0.002 -19"><span class='ocrx_word' id='word_1_80' title='bbox 191 1232 240 1286; x_wconf 89' lang='lat' dir='ltr'><strong>sed</strong></span> <span class='ocrx_word' id='word_1_81' title='bbox 267 1233 351 1289; x_wconf 84' lang='lat' dir='ltr'><strong>otiam</strong></span> <span class='ocrx_word' id='word_1_82' title='bbox 366 1236 564 1291; x_wconf 83' lang='lat' dir='ltr'><strong>necessarium</strong></span> <span class='ocrx_word' id='word_1_83' title='bbox 597 1251 658 1291; x_wconf 86' lang='lat' dir='ltr'><strong>esse</strong></span> <span class='ocrx_word' id='word_1_84' title='bbox 682 1250 829 1304; x_wconf 89' lang='lat' dir='ltr'><strong>possumus</strong></span> <span class='ocrx_word' id='word_1_85' title='bbox 857 1232 1030 1289; x_wconf 80' lang='lat' dir='ltr'><strong>concludere.</strong></span> <span class='ocrx_word' id='word_1_86' title='bbox 1066 1229 1096 1287; x_wconf 78' lang='lat' dir='ltr'><strong>si</strong></span> <span class='ocrx_word' id='word_1_87' title='bbox 1113 1225 1147 1277; x_wconf 71' lang='lat' dir='ltr'><strong>²ss</strong></span> 
     </span>
    </p>
   </div>
   <div class='ocr_carea' id='block_1_3' title="bbox 92 1305 1096 1388">
    <p class='ocr_par' dir='ltr' id='par_1_3' title="bbox 92 1305 1096 1388">
     <span class='ocr_line' id='line_1_12' title="bbox 92 1305 1096 1388; baseline -0.003 -15"><span class='ocrx_word' id='word_1_88' title='bbox 92 1309 96 1318; x_wconf 82' lang='lat'>&#39;</span> <span class='ocrx_word' id='word_1_89' title='bbox 189 1317 261 1373; x_wconf 89' lang='lat' dir='ltr'><strong>enim</strong></span> <span class='ocrx_word' id='word_1_90' title='bbox 286 1321 493 1378; x_wconf 85' lang='lat' dir='ltr'><strong>convenientius</strong></span> <span class='ocrx_word' id='word_1_91' title='bbox 519 1326 548 1376; x_wconf 88' lang='lat' dir='ltr'><strong>et</strong></span> <span class='ocrx_word' id='word_1_92' title='bbox 571 1317 764 1374; x_wconf 77' lang='lat' dir='ltr'><strong>rationabilius</strong></span> <span class='ocrx_word' id='word_1_93' title='bbox 792 1325 834 1374; x_wconf 88' lang='lat' dir='ltr'><strong>est</strong></span> <span class='ocrx_word' id='word_1_94' title='bbox 856 1319 910 1372; x_wconf 91' lang='lat' dir='ltr'><strong>hoc</strong></span> <span class='ocrx_word' id='word_1_95' title='bbox 936 1305 1020 1388; x_wconf 68' lang='lat' dir='ltr'><strong>duam</strong></span> <span class='ocrx_word' id='word_1_96' title='bbox 1047 1315 1096 1372; x_wconf 88' lang='lat' dir='ltr'><strong>uli-</strong></span> 
     </span>
    </p>
   </div>
   <div class='ocr_carea' id='block_1_4' title="bbox 189 1401 1147 3106">
    <p class='ocr_par' dir='ltr' id='par_1_4' title="bbox 189 1401 1147 3106">
     <span class='ocr_line' id='line_1_13' title="bbox 189 1401 1096 1478; baseline -0.004 -20"><span class='ocrx_word' id='word_1_97' title='bbox 189 1405 301 1474; x_wconf 85' lang='lat' dir='ltr'><strong>quando</strong></span> <span class='ocrx_word' id='word_1_98' title='bbox 324 1405 432 1461; x_wconf 90' lang='lat' dir='ltr'><strong>nullum</strong></span> <span class='ocrx_word' id='word_1_99' title='bbox 457 1405 556 1478; x_wconf 72' lang='lat' dir='ltr'><strong>fuisse,</strong></span> <span class='ocrx_word' id='word_1_100' title='bbox 580 1408 614 1462; x_wconf 90' lang='lat' dir='ltr'><strong>de</strong></span> <span class='ocrx_word' id='word_1_101' title='bbox 639 1421 695 1477; x_wconf 85' lang='lat' dir='ltr'><strong>quo</strong></span> <span class='ocrx_word' id='word_1_102' title='bbox 719 1404 837 1460; x_wconf 85' lang='lat' dir='ltr'><strong>intentio</strong></span> <span class='ocrx_word' id='word_1_103' title='bbox 855 1403 909 1459; x_wconf 88' lang='lat' dir='ltr'><strong>Dei</strong></span> <span class='ocrx_word' id='word_1_104' title='bbox 935 1419 991 1473; x_wconf 90' lang='lat' dir='ltr'><strong>qua</strong></span> <span class='ocrx_word' id='word_1_105' title='bbox 1008 1401 1096 1458; x_wconf 86' lang='lat' dir='ltr'><strong>homi·</strong></span> 
     </span>
     <span class='ocr_line' id='line_1_14' title="bbox 189 1482 1097 1561; baseline -0.003 -19"><span class='ocrx_word' id='word_1_106' title='bbox 189 1503 251 1544; x_wconf 88' lang='lat' dir='ltr'><strong>nem</strong></span> <span class='ocrx_word' id='word_1_107' title='bbox 267 1489 336 1546; x_wconf 86' lang='lat' dir='ltr'><strong>fecit</strong></span> <span class='ocrx_word' id='word_1_108' title='bbox 354 1491 545 1561; x_wconf 84' lang='lat' dir='ltr'><strong>perficeretur,</strong></span> <span class='ocrx_word' id='word_1_109' title='bbox 569 1509 621 1548; x_wconf 89' lang='lat' dir='ltr'><strong>nec</strong></span> <span class='ocrx_word' id='word_1_110' title='bbox 639 1497 682 1546; x_wconf 89' lang='lat' dir='ltr'><strong>est</strong></span> <span class='ocrx_word' id='word_1_111' title='bbox 699 1489 806 1561; x_wconf 88' lang='lat' dir='ltr'><strong>aliquid</strong></span> <span class='ocrx_word' id='word_1_112' title='bbox 823 1489 898 1561; x_wconf 87' lang='lat' dir='ltr'><strong>quod</strong></span> <span class='ocrx_word' id='word_1_113' title='bbox 916 1487 981 1542; x_wconf 89' lang='lat' dir='ltr'><strong>huic</strong></span> <span class='ocrx_word' id='word_1_114' title='bbox 1002 1482 1097 1541; x_wconf 83' lang='lat' dir='ltr'><strong>obviet</strong></span> 
     </span>
     <span class='ocr_line' id='line_1_15' title="bbox 189 1573 1095 1650; baseline -0.003 -22"><span class='ocrx_word' id='word_1_115' title='bbox 189 1575 305 1644; x_wconf 81' lang='lat' dir='ltr'><strong>rationi3</strong></span> <span class='ocrx_word' id='word_1_116' title='bbox 328 1590 441 1633; x_wconf 90' lang='lat' dir='ltr'><strong>necesse</strong></span> <span class='ocrx_word' id='word_1_117' title='bbox 465 1584 507 1633; x_wconf 88' lang='lat' dir='ltr'><strong>est</strong></span> <span class='ocrx_word' id='word_1_118' title='bbox 530 1593 639 1650; x_wconf 89' lang='lat' dir='ltr'><strong>semper</strong></span> <span class='ocrx_word' id='word_1_119' title='bbox 664 1577 785 1648; x_wconf 82' lang='lat' dir='ltr'><strong>aliquem</strong></span> <span class='ocrx_word' id='word_1_120' title='bbox 808 1575 844 1628; x_wconf 87' lang='lat' dir='ltr'><strong>ad</strong></span> <span class='ocrx_word' id='word_1_121' title='bbox 862 1573 1034 1645; x_wconf 84' lang='lat' dir='ltr'><strong>praedictam</strong></span> <span class='ocrx_word' id='word_1_122' title='bbox 1053 1585 1095 1625; x_wconf 89' lang='lat' dir='ltr'><strong>re·</strong></span> 
     </span>
     <span class='ocr_line' id='line_1_16' title="bbox 189 1655 1147 1734; baseline -0.006 -20"><span class='ocrx_word' id='word_1_123' title='bbox 189 1660 408 1718; x_wconf 75' lang='lat' dir='ltr'><strong>conciliationem</strong></span> <span class='ocrx_word' id='word_1_124' title='bbox 425 1663 610 1734; x_wconf 83' lang='lat' dir='ltr'><strong>pertinentem</strong></span> <span class='ocrx_word' id='word_1_125' title='bbox 627 1663 721 1719; x_wconf 77' lang='lat' dir='ltr'><strong>fluisse.</strong></span> <span class='ocrx_word' id='word_1_126' title='bbox 751 1661 834 1719; x_wconf 88' lang='lat' dir='ltr'><strong>Unde</strong></span> <span class='ocrx_word' id='word_1_127' title='bbox 852 1659 944 1714; x_wconf 84' lang='lat' dir='ltr'><strong>Adam</strong></span> <span class='ocrx_word' id='word_1_128' title='bbox 964 1664 992 1713; x_wconf 88' lang='lat' dir='ltr'><strong>et</strong></span> <span class='ocrx_word' id='word_1_129' title='bbox 1007 1655 1095 1710; x_wconf 83' lang='lat' dir='ltr'><strong>Eram</strong></span> <span class='ocrx_word' id='word_1_130' title='bbox 1113 1659 1147 1709; x_wconf 78' lang='lat' dir='ltr'><strong>at</strong></span> 
     </span>
     <span class='ocr_line' id='line_1_17' title="bbox 189 1744 1095 1818; baseline -0.003 -20"><span class='ocrx_word' id='word_1_131' title='bbox 189 1744 227 1798; x_wconf 81' lang='lat' dir='ltr'><strong>ad</strong></span> <span class='ocrx_word' id='word_1_132' title='bbox 249 1745 324 1800; x_wconf 88' lang='lat' dir='ltr'><strong>illam</strong></span> <span class='ocrx_word' id='word_1_133' title='bbox 347 1745 516 1818; x_wconf 81' lang='lat' dir='ltr'><strong>pertinuisse</strong></span> <span class='ocrx_word' id='word_1_134' title='bbox 541 1750 741 1806; x_wconf 85' lang='lat' dir='ltr'><strong>redemtionem</strong></span> <span class='ocrx_word' id='word_1_135' title='bbox 765 1745 949 1802; x_wconf 86' lang='lat' dir='ltr'><strong>dubitandum</strong></span> <span class='ocrx_word' id='word_1_136' title='bbox 972 1759 1027 1798; x_wconf 89' lang='lat' dir='ltr'><strong>non</strong></span> <span class='ocrx_word' id='word_1_137' title='bbox 1045 1745 1095 1809; x_wconf 72' lang='lat' dir='ltr'><strong>est,</strong></span> 
     </span>
     <span class='ocr_line' id='line_1_18' title="bbox 190 1827 1095 1906; baseline 0 -23"><span class='ocrx_word' id='word_1_138' title='bbox 190 1831 314 1900; x_wconf 80' lang='lat' dir='ltr'><strong>quamvis</strong></span> <span class='ocrx_word' id='word_1_139' title='bbox 338 1833 391 1887; x_wconf 91' lang='lat' dir='ltr'><strong>hoc</strong></span> <span class='ocrx_word' id='word_1_140' title='bbox 415 1835 567 1890; x_wconf 87' lang='lat' dir='ltr'><strong>auctoritas</strong></span> <span class='ocrx_word' id='word_1_141' title='bbox 595 1834 690 1890; x_wconf 85' lang='lat' dir='ltr'><strong>diviua</strong></span> <span class='ocrx_word' id='word_1_142' title='bbox 709 1839 805 1906; x_wconf 84' lang='lat' dir='ltr'><strong>aperte</strong></span> <span class='ocrx_word' id='word_1_143' title='bbox 822 1849 878 1888; x_wconf 90' lang='lat' dir='ltr'><strong>nou</strong></span> <span class='ocrx_word' id='word_1_144' title='bbox 892 1827 1095 1902; x_wconf 81' lang='lat' dir='ltr'><strong>pronunciet.¹)</strong></span> 
     </span>
     <span class='ocr_line' id='line_1_19' title="bbox 191 1911 1147 1993; baseline 0.003 -26"><span class='ocrx_word' id='word_1_145' title='bbox 191 1916 259 1970; x_wconf 81' lang='lat' dir='ltr'><strong>Ans.</strong></span> <span class='ocrx_word' id='word_1_146' title='bbox 277 1917 445 1976; x_wconf 89' lang='lat' dir='ltr'><strong>Incredibile</strong></span> <span class='ocrx_word' id='word_1_147' title='bbox 468 1937 578 1993; x_wconf 90' lang='lat' dir='ltr'><strong>quoque</strong></span> <span class='ocrx_word' id='word_1_148' title='bbox 595 1921 720 1990; x_wconf 85' lang='lat' dir='ltr'><strong>videtur,</strong></span> <span class='ocrx_word' id='word_1_149' title='bbox 749 1921 862 1992; x_wconf 90' lang='lat' dir='ltr'><strong>quando</strong></span> <span class='ocrx_word' id='word_1_150' title='bbox 879 1916 957 1973; x_wconf 91' lang='lat' dir='ltr'><strong>Deus</strong></span> <span class='ocrx_word' id='word_1_151' title='bbox 975 1914 1038 1969; x_wconf 92' lang='lat' dir='ltr'><strong>illos</strong></span> <span class='ocrx_word' id='word_1_152' title='bbox 1056 1911 1097 1967; x_wconf 83' lang='lat' dir='ltr'><strong>ie·</strong></span> <span class='ocrx_word' id='word_1_153' title='bbox 1113 1917 1147 1970; x_wconf 81' lang='lat'><strong>28</strong></span> 
     </span>
     <span class='ocr_line' id='line_1_20' title="bbox 191 1995 1096 2074; baseline -0.003 -17"><span class='ocrx_word' id='word_1_154' title='bbox 191 2001 229 2057; x_wconf 87' lang='lat' dir='ltr'><strong>cit</strong></span> <span class='ocrx_word' id='word_1_155' title='bbox 252 2008 281 2058; x_wconf 87' lang='lat' dir='ltr'><strong>et</strong></span> <span class='ocrx_word' id='word_1_156' title='bbox 301 2004 447 2074; x_wconf 89' lang='lat' dir='ltr'><strong>proposuit</strong></span> <span class='ocrx_word' id='word_1_157' title='bbox 466 2005 675 2063; x_wconf 76' lang='lat' dir='ltr'><strong>immutabiliter</strong></span> <span class='ocrx_word' id='word_1_158' title='bbox 700 2006 793 2062; x_wconf 86' lang='lat' dir='ltr'><strong>facere</strong></span> <span class='ocrx_word' id='word_1_159' title='bbox 813 2005 847 2060; x_wconf 91' lang='lat' dir='ltr'><strong>de</strong></span> <span class='ocrx_word' id='word_1_160' title='bbox 864 1995 919 2059; x_wconf 84' lang='lat' dir='ltr'><strong>illis</strong></span> <span class='ocrx_word' id='word_1_161' title='bbox 935 2014 1030 2056; x_wconf 84' lang='lat' dir='ltr'><strong>omncs</strong></span> <span class='ocrx_word' id='word_1_162' title='bbox 1048 1997 1096 2054; x_wconf 88' lang='lat' dir='ltr'><strong>ho·</strong></span> 
     </span>
     <span class='ocr_line' id='line_1_21' title="bbox 191 2085 1143 2160; baseline 0.006 -18"><span class='ocrx_word' id='word_1_163' title='bbox 191 2087 285 2157; x_wconf 87' lang='lat' dir='ltr'><strong>mines,</strong></span> <span class='ocrx_word' id='word_1_164' title='bbox 305 2105 373 2160; x_wconf 89' lang='lat' dir='ltr'><strong>quos</strong></span> <span class='ocrx_word' id='word_1_165' title='bbox 390 2089 427 2144; x_wconf 84' lang='lat' dir='ltr'><strong>ad</strong></span> <span class='ocrx_word' id='word_1_166' title='bbox 439 2089 586 2146; x_wconf 82' lang='lat' dir='ltr'><strong>coelestem</strong></span> <span class='ocrx_word' id='word_1_167' title='bbox 599 2091 740 2148; x_wconf 83' lang='lat' dir='ltr'><strong>civitatem</strong></span> <span class='ocrx_word' id='word_1_168' title='bbox 752 2096 924 2145; x_wconf 83' lang='lat' dir='ltr'><strong>assumturus</strong></span> <span class='ocrx_word' id='word_1_169' title='bbox 936 2094 1004 2156; x_wconf 88' lang='lat' dir='ltr'><strong>erat,</strong></span> <span class='ocrx_word' id='word_1_170' title='bbox 1022 2085 1097 2159; x_wconf 89' lang='lat' dir='ltr'><strong>quod</strong></span> <span class='ocrx_word' id='word_1_171' title='bbox 1139 2133 1143 2148; x_wconf 74' lang='grc'>,</span> 
     </span>
     <span class='ocr_line' id='line_1_22' title="bbox 190 2171 1147 2248; baseline 0.002 -22"><span class='ocrx_word' id='word_1_172' title='bbox 190 2171 250 2227; x_wconf 86' lang='lat' dir='ltr'><strong>illos</strong></span> <span class='ocrx_word' id='word_1_173' title='bbox 271 2173 340 2228; x_wconf 91' lang='lat' dir='ltr'><strong>duos</strong></span> <span class='ocrx_word' id='word_1_174' title='bbox 361 2174 398 2231; x_wconf 92' lang='lat' dir='ltr'><strong>ab</strong></span> <span class='ocrx_word' id='word_1_175' title='bbox 421 2174 474 2230; x_wconf 89' lang='lat' dir='ltr'><strong>hoc</strong></span> <span class='ocrx_word' id='word_1_176' title='bbox 499 2175 646 2232; x_wconf 89' lang='lat' dir='ltr'><strong>excluserit</strong></span> <span class='ocrx_word' id='word_1_177' title='bbox 663 2177 813 2248; x_wconf 87' lang='lat' dir='ltr'><strong>proposito.</strong></span> <span class='ocrx_word' id='word_1_178' title='bbox 851 2179 919 2229; x_wconf 82' lang='lat' dir='ltr'><strong>Boe.</strong></span> <span class='ocrx_word' id='word_1_179' title='bbox 958 2175 1018 2227; x_wconf 94' lang='lat' dir='ltr'><strong>Imo</strong></span> <span class='ocrx_word' id='word_1_180' title='bbox 1034 2173 1097 2226; x_wconf 91' lang='lat' dir='ltr'><strong>illos</strong></span> <span class='ocrx_word' id='word_1_181' title='bbox 1113 2177 1147 2228; x_wconf 79' lang='lat'><strong>29</strong></span> 
     </span>
     <span class='ocr_line' id='line_1_23' title="bbox 190 2257 1097 2330; baseline -0.003 -18"><span class='ocrx_word' id='word_1_182' title='bbox 190 2259 307 2314; x_wconf 80' lang='lat' dir='ltr'><strong>maxiine</strong></span> <span class='ocrx_word' id='word_1_183' title='bbox 325 2261 362 2314; x_wconf 88' lang='lat' dir='ltr'><strong>ad</strong></span> <span class='ocrx_word' id='word_1_184' title='bbox 379 2261 432 2316; x_wconf 90' lang='lat' dir='ltr'><strong>hoc</strong></span> <span class='ocrx_word' id='word_1_185' title='bbox 452 2261 553 2318; x_wconf 80' lang='lat' dir='ltr'><strong>iecisse</strong></span> <span class='ocrx_word' id='word_1_186' title='bbox 570 2261 647 2317; x_wconf 88' lang='lat' dir='ltr'><strong>credi</strong></span> <span class='ocrx_word' id='word_1_187' title='bbox 662 2261 752 2330; x_wconf 88' lang='lat' dir='ltr'><strong>debet,</strong></span> <span class='ocrx_word' id='word_1_188' title='bbox 771 2268 803 2316; x_wconf 87' lang='lat' dir='ltr'><strong>ut</strong></span> <span class='ocrx_word' id='word_1_189' title='bbox 814 2267 906 2317; x_wconf 86' lang='lat' dir='ltr'><strong>essent</strong></span> <span class='ocrx_word' id='word_1_190' title='bbox 918 2260 952 2315; x_wconf 88' lang='lat' dir='ltr'><strong>de</strong></span> <span class='ocrx_word' id='word_1_191' title='bbox 963 2257 1019 2312; x_wconf 87' lang='lat' dir='ltr'><strong>illis</strong></span> <span class='ocrx_word' id='word_1_192' title='bbox 1033 2272 1097 2328; x_wconf 87' lang='lat' dir='ltr'><strong>pro-</strong></span> 
     </span>
     <span class='ocr_line' id='line_1_24' title="bbox 190 2341 1147 2416; baseline 0.002 -18"><span class='ocrx_word' id='word_1_193' title='bbox 190 2349 252 2414; x_wconf 90' lang='lat' dir='ltr'><strong>pter</strong></span> <span class='ocrx_word' id='word_1_194' title='bbox 272 2361 340 2416; x_wconf 88' lang='lat' dir='ltr'><strong>quos</strong></span> <span class='ocrx_word' id='word_1_195' title='bbox 358 2345 426 2400; x_wconf 82' lang='lat' dir='ltr'><strong>facti</strong></span> <span class='ocrx_word' id='word_1_196' title='bbox 441 2352 515 2403; x_wconf 87' lang='lat' dir='ltr'><strong>sunt.</strong></span> <span class='ocrx_word' id='word_1_197' title='bbox 548 2350 618 2403; x_wconf 77' lang='lat' dir='ltr'><strong>Ass.</strong></span> <span class='ocrx_word' id='word_1_198' title='bbox 651 2347 730 2402; x_wconf 91' lang='lat' dir='ltr'><strong>Bene</strong></span> <span class='ocrx_word' id='word_1_199' title='bbox 751 2347 917 2402; x_wconf 84' lang='lat' dir='ltr'><strong>consideras.</strong></span> <span class='ocrx_word' id='word_1_200' title='bbox 950 2341 1038 2400; x_wconf 81' lang='lat' dir='ltr'><strong>Nulla</strong></span> <span class='ocrx_word' id='word_1_201' title='bbox 1054 2347 1096 2396; x_wconf 86' lang='lat' dir='ltr'><strong>ta·</strong></span> <span class='ocrx_word' id='word_1_202' title='bbox 1113 2349 1147 2400; x_wconf 82' lang='lat'><strong>30</strong></span> 
     </span>
     <span class='ocr_line' id='line_1_25' title="bbox 190 2427 1097 2504; baseline -0.001 -22"><span class='ocrx_word' id='word_1_203' title='bbox 190 2446 254 2487; x_wconf 89' lang='lat' dir='ltr'><strong>men</strong></span> <span class='ocrx_word' id='word_1_204' title='bbox 281 2431 374 2486; x_wconf 87' lang='lat' dir='ltr'><strong>anima</strong></span> <span class='ocrx_word' id='word_1_205' title='bbox 403 2438 468 2488; x_wconf 90' lang='lat' dir='ltr'><strong>ante</strong></span> <span class='ocrx_word' id='word_1_206' title='bbox 492 2440 607 2490; x_wconf 90' lang='lat' dir='ltr'><strong>mortem</strong></span> <span class='ocrx_word' id='word_1_207' title='bbox 635 2432 738 2490; x_wconf 74' lang='lat' dir='ltr'><strong>Christi</strong></span> <span class='ocrx_word' id='word_1_208' title='bbox 765 2431 925 2504; x_wconf 82' lang='lat' dir='ltr'><strong>paradisum</strong></span> <span class='ocrx_word' id='word_1_209' title='bbox 948 2427 1097 2484; x_wconf 88' lang='lat' dir='ltr'><strong>coelestem</strong></span> 
     </span>
     <span class='ocr_line' id='line_1_26' title="bbox 190 2514 1146 2592; baseline 0.003 -23"><span class='ocrx_word' id='word_1_210' title='bbox 190 2514 300 2588; x_wconf 77' lang='lat' dir='ltr'><strong>ingredi</strong></span> <span class='ocrx_word' id='word_1_211' title='bbox 321 2517 425 2587; x_wconf 89' lang='lat' dir='ltr'><strong>potuit,</strong></span> <span class='ocrx_word' id='word_1_212' title='bbox 454 2517 525 2572; x_wconf 88' lang='lat' dir='ltr'><strong>sicut</strong></span> <span class='ocrx_word' id='word_1_213' title='bbox 547 2534 632 2590; x_wconf 85' lang='lat' dir='ltr'><strong>supra</strong></span> <span class='ocrx_word' id='word_1_214' title='bbox 654 2519 711 2574; x_wconf 85' lang='lat' dir='ltr'><strong>dixi</strong></span> <span class='ocrx_word' id='word_1_215' title='bbox 730 2521 765 2575; x_wconf 88' lang='lat' dir='ltr'><strong>de</strong></span> <span class='ocrx_word' id='word_1_216' title='bbox 783 2518 857 2592; x_wconf 82' lang='lat' dir='ltr'><strong>regis</strong></span> <span class='ocrx_word' id='word_1_217' title='bbox 874 2516 990 2588; x_wconf 88' lang='lat' dir='ltr'><strong>palatio.</strong></span> <span class='ocrx_word' id='word_1_218' title='bbox 1026 2518 1095 2570; x_wconf 81' lang='lat' dir='ltr'><strong>Bos.</strong></span> <span class='ocrx_word' id='word_1_219' title='bbox 1113 2521 1146 2572; x_wconf 86' lang='grc'><strong>31</strong></span> 
     </span>
     <span class='ocr_line' id='line_1_27' title="bbox 191 2597 1096 2678; baseline 0.002 -22"><span class='ocrx_word' id='word_1_220' title='bbox 191 2597 387 2658; x_wconf 70' lang='lat' dir='ltr'><strong>sistuanus.</strong></span> <span class='ocrx_word' id='word_1_221' title='bbox 422 2605 490 2658; x_wconf 74' lang='lat' dir='ltr'><strong>Aac.</strong></span> <span class='ocrx_word' id='word_1_222' title='bbox 519 2603 609 2678; x_wconf 88' lang='lat' dir='ltr'><strong>Virgo</strong></span> <span class='ocrx_word' id='word_1_223' title='bbox 628 2613 721 2662; x_wconf 88' lang='lat' dir='ltr'><strong>autem</strong></span> <span class='ocrx_word' id='word_1_224' title='bbox 737 2604 800 2672; x_wconf 86' lang='lat' dir='ltr'><strong>illu,</strong></span> <span class='ocrx_word' id='word_1_225' title='bbox 822 2605 857 2659; x_wconf 92' lang='lat' dir='ltr'><strong>de</strong></span> <span class='ocrx_word' id='word_1_226' title='bbox 877 2621 933 2675; x_wconf 86' lang='lat' dir='ltr'><strong>qua</strong></span> <span class='ocrx_word' id='word_1_227' title='bbox 950 2599 998 2658; x_wconf 93' lang='lat' dir='ltr'><strong>ille</strong></span> <span class='ocrx_word' id='word_1_228' title='bbox 1013 2601 1096 2658; x_wconf 91' lang='lat' dir='ltr'><strong>homo</strong></span> 
     </span>
     <span class='ocr_line' id='line_1_28' title="bbox 191 2687 1097 2763; baseline 0.002 -23"><span class='ocrx_word' id='word_1_229' title='bbox 191 2691 329 2741; x_wconf 83' lang='lat' dir='ltr'><strong>assumtus</strong></span> <span class='ocrx_word' id='word_1_230' title='bbox 346 2695 389 2744; x_wconf 90' lang='lat' dir='ltr'><strong>est</strong></span> <span class='ocrx_word' id='word_1_231' title='bbox 406 2687 442 2743; x_wconf 92' lang='lat' dir='ltr'><strong>de</strong></span> <span class='ocrx_word' id='word_1_232' title='bbox 461 2705 516 2762; x_wconf 89' lang='lat' dir='ltr'><strong>quo</strong></span> <span class='ocrx_word' id='word_1_233' title='bbox 533 2689 679 2763; x_wconf 89' lang='lat' dir='ltr'><strong>loquimur,</strong></span> <span class='ocrx_word' id='word_1_234' title='bbox 698 2691 752 2746; x_wconf 81' lang='lat' dir='ltr'><strong>luit</strong></span> <span class='ocrx_word' id='word_1_235' title='bbox 771 2693 806 2746; x_wconf 87' lang='lat' dir='ltr'><strong>de</strong></span> <span class='ocrx_word' id='word_1_236' title='bbox 824 2689 879 2746; x_wconf 87' lang='lat' dir='ltr'><strong>illis</strong></span> <span class='ocrx_word' id='word_1_237' title='bbox 897 2687 946 2762; x_wconf 90' lang='lat' dir='ltr'><strong>qui</strong></span> <span class='ocrx_word' id='word_1_238' title='bbox 964 2693 1030 2744; x_wconf 86' lang='lat' dir='ltr'><strong>ante</strong></span> <span class='ocrx_word' id='word_1_239' title='bbox 1048 2705 1097 2742; x_wconf 87' lang='lat' dir='ltr'><strong>na·</strong></span> 
     </span>
     <span class='ocr_line' id='line_1_29' title="bbox 191 2769 1096 2848; baseline 0.006 -25"><span class='ocrx_word' id='word_1_240' title='bbox 191 2769 327 2828; x_wconf 84' lang='lat' dir='ltr'><strong>tivitatem</strong></span> <span class='ocrx_word' id='word_1_241' title='bbox 354 2774 413 2829; x_wconf 86' lang='lat' dir='ltr'><strong>eius</strong></span> <span class='ocrx_word' id='word_1_242' title='bbox 438 2792 489 2846; x_wconf 88' lang='lat' dir='ltr'><strong>per</strong></span> <span class='ocrx_word' id='word_1_243' title='bbox 504 2793 568 2830; x_wconf 89' lang='lat' dir='ltr'><strong>eum</strong></span> <span class='ocrx_word' id='word_1_244' title='bbox 590 2777 716 2832; x_wconf 87' lang='lat' dir='ltr'><strong>mundati</strong></span> <span class='ocrx_word' id='word_1_245' title='bbox 736 2783 802 2832; x_wconf 90' lang='lat' dir='ltr'><strong>sunt</strong></span> <span class='ocrx_word' id='word_1_246' title='bbox 819 2794 837 2831; x_wconf 88' lang='lat' dir='ltr'><strong>a</strong></span> <span class='ocrx_word' id='word_1_247' title='bbox 853 2775 993 2848; x_wconf 88' lang='lat' dir='ltr'><strong>peccatis,</strong></span> <span class='ocrx_word' id='word_1_248' title='bbox 1020 2777 1049 2830; x_wconf 87' lang='lat' dir='ltr'><strong>ct</strong></span> <span class='ocrx_word' id='word_1_249' title='bbox 1067 2773 1096 2828; x_wconf 88' lang='lat' dir='ltr'><strong>in</strong></span> 
     </span>
     <span class='ocr_line' id='line_1_30' title="bbox 193 2855 1147 2930; baseline -0.002 -20"><span class='ocrx_word' id='word_1_250' title='bbox 193 2855 252 2911; x_wconf 86' lang='lat' dir='ltr'><strong>eius</strong></span> <span class='ocrx_word' id='word_1_251' title='bbox 269 2859 331 2930; x_wconf 86' lang='lat' dir='ltr'><strong>ipsa</strong></span> <span class='ocrx_word' id='word_1_252' title='bbox 344 2859 480 2916; x_wconf 87' lang='lat' dir='ltr'><strong>munditia</strong></span> <span class='ocrx_word' id='word_1_253' title='bbox 504 2859 539 2917; x_wconf 90' lang='lat' dir='ltr'><strong>de</strong></span> <span class='ocrx_word' id='word_1_254' title='bbox 561 2861 611 2917; x_wconf 87' lang='lat' dir='ltr'><strong>illa</strong></span> <span class='ocrx_word' id='word_1_255' title='bbox 636 2869 774 2918; x_wconf 81' lang='lat' dir='ltr'><strong>assumtus</strong></span> <span class='ocrx_word' id='word_1_256' title='bbox 792 2867 841 2918; x_wconf 83' lang='lat' dir='ltr'><strong>est</strong></span> <span class='ocrx_word' id='word_1_257' title='bbox 880 2861 948 2917; x_wconf 86' lang='lat' dir='ltr'><strong>Bos.</strong></span> <span class='ocrx_word' id='word_1_258' title='bbox 968 2859 1097 2915; x_wconf 88' lang='lat' dir='ltr'><strong>Placeret</strong></span> <span class='ocrx_word' id='word_1_259' title='bbox 1114 2857 1147 2908; x_wconf 79' lang='lat'><strong>32</strong></span> 
     </span>
     <span class='ocr_line' id='line_1_31' title="bbox 192 2941 1097 3018; baseline 0.011 -23"><span class='ocrx_word' id='word_1_260' title='bbox 192 2941 260 2997; x_wconf 88' lang='lat' dir='ltr'><strong>mibi</strong></span> <span class='ocrx_word' id='word_1_261' title='bbox 278 2943 395 3000; x_wconf 85' lang='lat' dir='ltr'><strong>multum</strong></span> <span class='ocrx_word' id='word_1_262' title='bbox 412 2943 488 3018; x_wconf 91' lang='lat' dir='ltr'><strong>quod</strong></span> <span class='ocrx_word' id='word_1_263' title='bbox 506 2945 575 3000; x_wconf 91' lang='lat' dir='ltr'><strong>dicis</strong></span> <span class='ocrx_word' id='word_1_264' title='bbox 594 2945 657 3014; x_wconf 87' lang='lat' dir='ltr'><strong>nisi,</strong></span> <span class='ocrx_word' id='word_1_265' title='bbox 675 2963 738 3000; x_wconf 92' lang='lat' dir='ltr'><strong>cum</strong></span> <span class='ocrx_word' id='word_1_266' title='bbox 756 2945 818 3017; x_wconf 88' lang='lat' dir='ltr'><strong>ipse</strong></span> <span class='ocrx_word' id='word_1_267' title='bbox 836 2946 937 3004; x_wconf 89' lang='lat' dir='ltr'><strong>debeat</strong></span> <span class='ocrx_word' id='word_1_268' title='bbox 957 2961 978 3004; x_wconf 72' lang='lat' dir='ltr'><strong>a</strong></span> <span class='ocrx_word' id='word_1_269' title='bbox 993 2959 1022 2997; x_wconf 67' lang='grc' dir='ltr'><strong>σθ</strong></span> <span class='ocrx_word' id='word_1_270' title='bbox 1035 2941 1097 3014; x_wconf 64' lang='lat' dir='ltr'><strong>ipso</strong></span> 
     </span>
     <span class='ocr_line' id='line_1_32' title="bbox 190 3027 1099 3106; baseline -0.002 -16"><span class='ocrx_word' id='word_1_271' title='bbox 190 3027 295 3090; x_wconf 77' lang='lat' dir='ltr'><strong>habere</strong></span> <span class='ocrx_word' id='word_1_272' title='bbox 322 3031 487 3090; x_wconf 87' lang='lat' dir='ltr'><strong>munditiam</strong></span> <span class='ocrx_word' id='word_1_273' title='bbox 518 3048 536 3087; x_wconf 87' lang='lat' dir='ltr'><strong>a</strong></span> <span class='ocrx_word' id='word_1_274' title='bbox 564 3039 697 3106; x_wconf 87' lang='lat' dir='ltr'><strong>peccato,</strong></span> <span class='ocrx_word' id='word_1_275' title='bbox 724 3031 835 3090; x_wconf 82' lang='lat' dir='ltr'><strong>videtur</strong></span> <span class='ocrx_word' id='word_1_276' title='bbox 863 3049 924 3090; x_wconf 87' lang='lat' dir='ltr'><strong>eam</strong></span> <span class='ocrx_word' id='word_1_277' title='bbox 950 3027 1054 3088; x_wconf 74' lang='lat' dir='ltr'><strong>babae</strong></span> <span class='ocrx_word' id='word_1_278' title='bbox 1080 3043 1099 3081; x_wconf 72' lang='lat' dir='ltr'><strong>a</strong></span> 
     </span>
    </p>
   </div>
   <div class='ocr_carea' id='block_1_5' title="bbox 191 3217 1131 3430">
    <p class='ocr_par' dir='ltr' id='par_1_5' title="bbox 191 3217 1131 3430">
     <span class='ocr_line' id='line_1_33' title="bbox 264 3217 1099 3303; baseline -0.018 -19"><span class='ocrx_word' id='word_1_279' title='bbox 264 3223 289 3283; x_wconf 86' lang='lat' dir='ltr'><strong>l)</strong></span> <span class='ocrx_word' id='word_1_280' title='bbox 312 3221 427 3276; x_wconf 75' lang='lat' dir='ltr'><strong>Irenaeo</strong></span> <span class='ocrx_word' id='word_1_281' title='bbox 453 3221 529 3303; x_wconf 74' lang='lat' dir='ltr'><strong>(adu</strong></span> <span class='ocrx_word' id='word_1_282' title='bbox 548 3219 626 3302; x_wconf 46' lang='lat' dir='ltr'><strong>baeu·</strong></span> <span class='ocrx_word' id='word_1_283' title='bbox 645 3226 674 3289; x_wconf 87' lang='grc'><strong>1,</strong></span> <span class='ocrx_word' id='word_1_284' title='bbox 693 3223 754 3303; x_wconf 65' lang='lat' dir='ltr'><strong>td.)</strong></span> <span class='ocrx_word' id='word_1_285' title='bbox 777 3225 849 3275; x_wconf 87' lang='lat' dir='ltr'><strong>teste</strong></span> <span class='ocrx_word' id='word_1_286' title='bbox 867 3217 1008 3274; x_wconf 77' lang='lat' dir='ltr'><strong>,Tatiauus</strong></span> <span class='ocrx_word' id='word_1_287' title='bbox 1032 3227 1099 3284; x_wconf 84' lang='lat' dir='ltr'><strong>apo·</strong></span> 
     </span>
     <span class='ocr_line' id='line_1_34' title="bbox 191 3283 1131 3372; baseline -0.027 -11"><span class='ocrx_word' id='word_1_288' title='bbox 191 3287 286 3360; x_wconf 69' lang='lat' dir='ltr'><strong>¹⁰8⁰ta</strong></span> <span class='ocrx_word' id='word_1_289' title='bbox 314 3296 553 3372; x_wconf 62' lang='lat' dir='ltr'><strong>interpretatione</strong></span> <span class='ocrx_word' id='word_1_290' title='bbox 573 3287 628 3344; x_wconf 80' lang='lat' dir='ltr'><strong>locu</strong></span> <span class='ocrx_word' id='word_1_291' title='bbox 645 3283 761 3372; x_wconf 49' lang='lat' dir='ltr'><strong>paulini</strong></span> <span class='ocrx_word' id='word_1_292' title='bbox 786 3286 895 3370; x_wconf 72' lang='lat'><strong>!·.⁰⁰¹·</strong></span> <span class='ocrx_word' id='word_1_293' title='bbox 915 3290 956 3354; x_wconf 80' lang='lat'><strong>15,</strong></span> <span class='ocrx_word' id='word_1_294' title='bbox 974 3289 1017 3368; x_wconf 74' lang='lat'><strong>²²:</strong></span> <span class='ocrx_word' id='word_1_295' title='bbox 1034 3299 1098 3338; x_wconf 87' lang='lat' dir='ltr'><strong>oon·</strong></span> <span class='ocrx_word' id='word_1_296' title='bbox 1128 3330 1131 3336; x_wconf 86' lang='grc'><strong><em>,</em></strong></span> 
     </span>
     <span class='ocr_line' id='line_1_35' title="bbox 191 3329 1027 3430; baseline -0.005 -17"><span class='ocrx_word' id='word_1_297' title='bbox 191 3364 266 3413; x_wconf 85' lang='lat' dir='ltr'><strong>torta</strong></span> <span class='ocrx_word' id='word_1_298' title='bbox 286 3329 428 3429; x_wconf 87' lang='lat' dir='ltr'><strong>deceptus,</strong></span> <span class='ocrx_word' id='word_1_299' title='bbox 445 3376 552 3430; x_wconf 79' lang='lat' dir='ltr'><strong>primus</strong></span> <span class='ocrx_word' id='word_1_300' title='bbox 570 3359 654 3416; x_wconf 77' lang='lat' dir='ltr'><strong>saluts</strong></span> <span class='ocrx_word' id='word_1_301' title='bbox 671 3357 838 3415; x_wconf 71' lang='lat' dir='ltr'><strong>meudun</strong></span> <span class='ocrx_word' id='word_1_302' title='bbox 854 3353 1027 3427; x_wconf 68' lang='lat' dir='ltr'><strong>protoplaste</strong></span> 
     </span>
    </p>
   </div>
   <div class='ocr_carea' id='block_1_6' title="bbox 0 0 1322 3810">
    <p class='ocr_par' dir='ltr' id='par_1_6' title="bbox 0 0 1322 3810">
     <span class='ocr_line' id='line_1_36' title="bbox 0 0 1322 3810; baseline 0 0"><span class='ocrx_word' id='word_1_303' title='bbox 0 0 1322 3810; x_wconf 95' lang='lat' dir='ltr'><strong> </strong></span> 
     </span>
    </p>
   </div>
  </div>
 </body>
</html>
