2628 3810
402 298 479 357 cmi
496 296 598 357 DEUS
617 299 734 357 norae.
770 299 852 358 1.1a.
876 307 915 359 m.
1066 301 1108 367 39

201 487 329 544 possum3
357 472 406 526 sed
432 487 542 526 sensum
569 487 663 528 eoram
685 471 736 529 ita,
749 471 874 544 cogitare
889 487 1012 542 nequeo,
1036 471 1108 526 siout

200 557 352 612 falsitatem
369 573 425 611 nou
448 573 561 628 possum
584 557 740 628 intelligere
763 557 909 612 veritatem
933 573 1001 613 asse.
1036 557 1105 612 Am.
1126 560 1142 612 6

200 644 264 700 Non
279 643 361 698 dsoet
384 659 450 714 ergo
469 644 574 711 Deum,
596 643 735 696 hominem
759 649 920 713 peooantom
942 642 1002 697 sine
1028 642 1107 696 satis·

200 727 321 784 motione
348 729 386 783 ad
411 729 639 784 restaurationem
663 728 827 799 angelorum
853 743 994 784 assumere
1015 727 1106 798 perdi·

200 821 305 884 torum3
324 815 454 884 quoniam
471 832 528 870 non
545 814 654 886 patitur
662 815 766 870 veritas
779 831 842 870 earn
859 813 946 869 levari
957 813 994 868 ad
1006 827 1108 885 aequa-

200 899 308 955 litatem
326 899 478 956 beatorum.
488 902 507 967 ¹)
543 901 611 954 Bos.
629 900 675 956 Sia
692 900 813 955 ostendit
830 899 910 956 ratio.
945 901 1016 955 Aua.
1038 897 1108 954 Con·
1126 906 1141 954 7

203 987 295 1042 sidera
313 987 396 1042 stiam
415 986 445 1040 in
463 985 522 1041 solo
539 983 651 1040 homine
668 985 728 1040 sino
744 986 798 1040 hoo
817 987 911 1058 quia2)
928 984 1012 1042 debet
1024 1001 1108 1057 ange

201 1071 236 1125 lis
255 1073 376 1143 aequari,
395 1078 488 1126 utrum
505 1087 569 1126 eum
585 1070 679 1125 taliter
690 1071 768 1126 Deus
785 1072 822 1126 ad
845 1071 1048 1127 beatitudinem
1066 1070 1108 1124 ul·

202 1155 258 1209 lam
282 1156 327 1210 vel
343 1156 441 1226 talem,
467 1157 578 1228 qualem
594 1155 717 1212 habebat
735 1162 884 1229 antequam
900 1163 1040 1229 peccaret,
1062 1157 1108 1211 de-

201 1241 267 1296 beat
290 1241 461 1313 provehere?
509 1245 577 1296 Bos.
612 1242 667 1296 Die
690 1248 723 1296 tn
748 1244 824 1314 quod
853 1243 974 1315 cogitas,
1000 1249 1029 1297 et
1054 1259 1108 1314 ego

201 1326 383 1383 oonsidembo
404 1332 613 1399 proutpotaro.
650 1330 718 1382 Ana.
755 1328 894 1384 Ponamus
921 1327 1035 1384 divitem
1059 1328 1145 1383 ali-8

200 1429 284 1485 quem
302 1413 332 1467 in
349 1429 433 1468 manu
452 1410 547 1468 tenere
563 1413 744 1484 margaritam
760 1414 917 1484 pretiosam,
937 1430 1021 1485 quam
1038 1429 1109 1468 nun·
1173 1443 1188 1458 -

200 1515 284 1570 quam
309 1499 428 1570 pollutio
451 1499 511 1552 ulla
533 1499 627 1570 tetigit
652 1513 791 1570 quamque
814 1497 907 1552 nullus
931 1498 1002 1553 alius
1021 1500 1111 1569 possit

199 1599 328 1640 amovere
356 1584 391 1638 de
417 1601 501 1639 mann
526 1585 585 1639 eius
610 1583 664 1638 nisi
688 1583 750 1654 ipso
776 1582 967 1654 permittente3
994 1591 1023 1638 et
1046 1601 1109 1639 eam
1172 1595 1174 1600 ’

202 1669 332 1740 disponat
356 1669 506 1725 recondere
528 1668 558 1722 in
578 1669 740 1724 thesaurum
765 1685 859 1738 snum,
882 1669 932 1724 ubi
957 1676 1023 1725 sunt
1044 1668 1109 1726 cha-

200 1755 311 1809 rissima
331 1761 360 1810 et
379 1754 578 1826 pretiosissima
596 1771 668 1827 quae
684 1755 816 1826 possidet.
852 1757 920 1810 Bos.
940 1753 1039 1826 Oogito
1056 1755 1109 1810 hoo
1206 1791 1207 1796 κ

201 1839 279 1894 velut
295 1846 360 1896 ante
382 1857 440 1897 noa.
475 1843 544 1897 Auo.
581 1841 669 1911 Quid,
695 1843 719 1896 si
742 1841 801 1914 ipse
825 1843 969 1912 permittat
992 1843 1144 1900 eandemt

202 1925 379 1996 margaritam
406 1927 556 2000 abaliquo
587 1928 681 1984 invido
707 1927 799 1984 excuti
828 1928 864 1984 de
894 1945 978 1984 manu
1004 1945 1055 1984 sua
1079 1930 1109 1985 in

202 2025 332 2081 coenum,
363 2029 427 2067 oum
458 2012 606 2083 prohibere
633 2013 763 2085 possit;⁸)
792 2030 826 2069 ae
857 2021 954 2086 postea
985 2031 1046 2072 eam
1074 2015 1110 2072 do

201 2111 288 2150 ooeno
311 2113 421 2175 sumena
440 2096 575 2168 pollutam
598 2101 626 2151 et
649 2113 705 2152 non
727 2099 812 2154 lotam
832 2100 862 2154 in
877 2101 1000 2172 aliquem
1016 2101 1109 2157 looum

202 2197 283 2234 suum
301 2183 434 2236 mundum
452 2187 480 2237 et
499 2183 621 2252 charum,
639 2183 770 2254 deinceps
789 2184 866 2239 illam
886 2187 926 2240 sio
939 2191 1109 2257 servaturus,

200 2266 350 2324 recondat:
377 2268 526 2338 putabisne
548 2267 632 2322 illum.
653 2268 826 2339 sapientem?
861 2273 929 2324 Bos.
965 2269 1109 2334 Quomodo
1129 2277 1161 2327 10

201 2352 255 2407 hoo
273 2351 404 2423 possum?
430 2369 602 2409 nam‘nonne
620 2361 693 2409 esset
713 2353 781 2408 satis
800 2355 958 2422 meliorant
976 2354 1127 2426 margari»

201 2445 260 2492 tam
281 2453 360 2491 suam
376 2437 508 2492 mundam
532 2445 640 2495 teneret
663 2445 693 2494 et
712 2447 835 2496 servaret
852 2457 935 2512 quam
952 2439 1108 2511 pollutam?
1133 2506 1137 2514 ⁵

204 2524 274 2577 Aua.
306 2523 406 2579 Nonne
421 2521 547 2578 similiter
563 2523 670 2580 faceret
686 2526 779 2594 Deus,
804 2526 852 2598 qui
868 2526 1006 2583 hominem
1024 2543 1108 2598 ange·
1131 2532 1160 2582 11

201 2608 237 2662 lia
263 2607 426 2662 sociandum
449 2607 509 2663 sino
531 2615 648 2679 peceato
673 2611 753 2681 quasi
776 2610 805 2665 in
827 2625 912 2666 manu
929 2629 981 2667 sua
997 2613 1112 2669 tenebat

203 2694 233 2747 in
259 2694 391 2765 paradiso
419 2701 447 2750 et
472 2694 605 2764 permisit,
632 2701 665 2750 ut
690 2711 824 2750 aseensus
849 2696 955 2752 invidia
982 2697 1110 2754 diabolus

205 2795 268 2833 eum
284 2780 315 2834 in
333 2780 423 2836 lutum
448 2779 556 2850 pseusti
579 2779 705 2850 quamvis
723 2781 941 2847 eonsentientem
959 2782 1111 2840 deiiceret?

205 2863 235 2919 Si
251 2865 325 2920 enim
346 2865 495 2937 prohibere
517 2865 603 2920 vallet
629 2865 782 2934 diabolum,
804 2883 861 2921 non
886 2875 981 2940 posset
1003 2874 1110 2923 tentsre

202 2943 349 3004 hominem.
385 2950 493 3020 Nonne,
511 2950 633 3022 inquam,
654 2952 780 3008 similiter
799 2954 912 3024 faceret,
929 2955 953 3008 si
969 2952 1110 3008 homiuem
1130 2951 1162 3003 12
1187 2969 1205 2984 r
1309 3013 1310 3032 χ

203 3035 312 3102 peooati
350 3035 430 3091 sorde
466 3035 636 3092 maculatum
672 3038 737 3094 sine·
762 3040 837 3094 omni
869 3037 1009 3095 lavatione
1038 3037 1056 3092 i.
1084 3055 1108 3094 e.

274 3223 298 3284 1)
319 3215 561 3281 ὂεαεοναηιᾉδο
577 3222 812 3280 BODEFa-
828 3226 961 3280 donorum
977 3225 1033 3281 Aa
1050 3225 1110 3282 Pb.

260 3291 298 3356 ·2)
317 3292 376 3344 siue
394 3294 446 3347 hoo
464 3294 549 3362 quio.-
567 3311 639 3349 omn.
657 3291 746 3349 eodo.

272 3363 298 3426 3)
317 3359 362 3414 Ita
379 3376 451 3416 omn.
471 3362 557 3416 Oodd.
671 3391 674 3398 ·
