2628 3810
405 269 483 326 cun
501 267 603 326 nnus
622 267 740 348 nomo.
775 269 798 323 ι.
817 275 841 326 o.
1043 267 1084 337 lt

179 440 209 496 oa
222 439 270 494 oio
290 439 369 506 bibet,
384 446 538 506 propteroa
555 435 691 492 osaltotit
708 445 808 506 caput,
820 438 841 510 ¹)
859 436 966 492 nonita
979 437 1085 492 diomm

180 531 238 596 eet,
260 523 344 594 ,quasi
369 521 536 584 nullatenus,
550 523 686 593 potuisset
708 523 853 594 pervenire
870 523 906 581 nd
921 523 995 578 hono
1012 523 1085 578 exel-

178 610 314 666 tntionem
343 606 398 664 nisi
425 624 476 678 per
507 608 578 662 hene
609 607 705 685 mortis
734 609 935 677 obedientiam,
964 615 992 664 et
1015 608 1084 666 hose

180 693 312 754 exultatio
335 710 397 749 'non
427 693 481 748 nisi
509 693 539 748 in
563 693 773 750 retributionem
798 693 880 750 huius
910 693 1086 752 obedientiae

180 781 283 840 collate
312 779 348 834 sit
375 809 410 818 -
439 778 602 853 priusquam
634 778 707 836 enim
733 785 890 850 peteretur,
921 780 982 850 ipse
1016 779 1086 836 dixit
1117 805 1120 812 ·

181 865 274 922 omnin
298 865 352 922 sibi
375 881 436 921 osso
456 863 560 920 trudito
582 863 730 932 aPotre2)
754 872 784 920 et
802 866 895 921 omnia
913 865 1005 920 Patris
1025 881 1087 920 esso

180 950 261 1012 ew)
286 981 320 988 -
345 949 394 1004 sed
417 949 548 1021 quoniam
573 949 633 1020 ipse
658 967 721 1008 oum
747 951 832 1008 Petro
856 957 1006 1022 sanctoque
1025 950 1086 1022 Spi-

180 1034 238 1090 ritu
255 1034 442 1106 disposuerat,
467 1053 498 1090 se
520 1053 575 1091 non
595 1034 677 1091 nliter
698 1053 782 1108 quum
804 1055 855 1108 per
873 1041 991 1092 mortem
1006 1036 1086 1092 eelsi-

180 1120 305 1174 tudinem
325 1119 541 1218 omnipotentiae
557 1137 624 1176 suae
648 1125 822 1177 ostensurum
838 1123 957 1191 mund03
983 1121 1087 1193 quippe

181 1205 257 1276 quod
280 1221 336 1260 non
360 1205 415 1260 nisi
442 1224 493 1278 per
519 1206 596 1261 illem
622 1213 738 1266 mortem
764 1205 825 1262 fieri
848 1207 1012 1279 dispositum
1036 1213 1086 1277 est,

181 1307 245 1345 eum
262 1309 312 1362 per
329 1289 407 1345 illam
423 1289 468 1358 fit,
494 1307 551 1345 non
576 1289 728 1361 incongrue
753 1291 853 1346 dieitur
874 1299 987 1364 propter
1009 1293 1122 1350 illem
1180 1299 1181 1306 ’

180 1375 248 1432 fieri.
284 1377 314 1434 Si
334 1377 408 1432 enim
426 1375 594 1430 intendimus
616 1375 723 1446 aliquid
748 1375 854 1444 fecere,
880 1377 930 1430 sed
959 1376 1139 1447 proponi-14

180 1479 242 1518 mus
260 1479 311 1516 nos
328 1462 405 1532 prius
422 1460 500 1515 aliud
519 1459 655 1530 facturos,
680 1477 730 1531 per
757 1460 831 1530 quod
849 1459 919 1514 illud
935 1460 998 1530 fiat,
1024 1478 1088 1516 eum

180 1548 237 1612 iam
263 1547 370 1604 foetum
396 1545 536 1617 estquod
560 1547 688 1600 volumus
711 1545 889 1616 praeoedere,
916 1545 940 1598 si
962 1543 995 1599 fit
1013 1546 1088 1616 quod

180 1633 359 1702 intendimus,
378 1638 453 1688 reete
471 1631 573 1686 dieitur
592 1637 740 1703 propterea
750 1631 818 1701 fieri,
836 1630 966 1701 quonium
983 1630 1089 1686 foetum

181 1726 224 1774 ost
247 1717 458 1790 propterquod
486 1716 680 1788 differebatur,
706 1716 772 1788 quis
795 1733 851 1772 non
874 1716 929 1772 nisi
951 1732 1002 1786 per
1017 1714 1088 1769 illud

181 1803 243 1860 fieri
267 1803 432 1874 dispositum
451 1809 518 1858 erat
553 1802 626 1860 Nam
651 1803 675 1858 si
701 1803 817 1884 fluvium
842 1819 924 1874 quem
948 1819 1020 1899 equo
1044 1800 1089 1856 rel
1108 1799 1140 1852 15

159 1941 161 1946 ,
182 1888 248 1942 navi
264 1889 384 1947 transire
399 1903 528 1956 possum,
551 1904 675 1959 propono
698 1904 815 1944 menon
834 1887 888 1942 nisi
906 1887 972 1942 navi
989 1886 1088 1942 transi—

183 1977 291 2040 turum,
315 1978 344 2028 et
365 1972 470 2026 ideireo
489 1971 587 2028 differo
605 1981 788 2043 transmeare,
812 1973 879 2045 quie
896 1973 974 2028 navis
993 1971 1088 2042 obest,

183 2071 248 2111 oum
264 2055 319 2116 ium
336 2063 447 2128 praesto
465 2064 508 2112 ost
525 2059 621 2126 nuris,
647 2060 671 2116 si
687 2065 812 2128 transeo,
838 2063 913 2115 reoto
932 2057 970 2112 (ie
985 2073 1030 2111 me
1048 2055 1088 2110 di·

184 2140 272 2197 eitur:
291 2144 369 2196 navis
386 2149 485 2214 parato
500 2143 563 2213 fuit,
582 2151 729 2215 propterea
745 2143 882 2199 transivit
917 2143 955 2196 Et
972 2159 1028 2198 non
1047 2159 1089 2197 so·
1110 2144 1141 2195 16

185 2226 245 2282 lum
271 2226 311 2280 ita
332 2227 486 2298 loquimur,
511 2229 623 2300 quondo
649 2246 699 2300 per
725 2228 796 2282 illud
820 2228 895 2299 quod
923 2227 1090 2298 praeoedere

184 2313 324 2381 volumus,
347 2313 396 2368 sed
418 2312 502 2372 etism
524 2315 635 2386 quaudo
652 2333 709 2370 non
726 2332 777 2386 per
793 2313 877 2384 illud,
901 2312 951 2368 sod
969 2319 1089 2368 tantum·

185 2399 269 2454 modo
287 2402 353 2469 post
369 2397 440 2452 illud
456 2398 550 2454 faeere
566 2399 644 2456 uliud
663 2399 771 2471 aliquid
787 2397 943 2455 statuimus.
978 2387 1009 2454 Si
1027 2397 1091 2470 quis
1111 2397 1141 2448 11

186 2481 259 2538 enim
276 2481 369 2538 differt
391 2482 486 2538 eibum
510 2502 617 2542 sumere
641 2492 801 2556 propteroa,
825 2483 892 2557 quia
916 2483 1040 2538 nondum
1057 2498 1092 2538 ea

186 2566 232 2624 die
255 2568 357 2624 missae
383 2567 562 2624 celebrationi
588 2563 685 2640 affuit3
710 2575 823 2642 peraeto
850 2569 924 2641 quod
948 2567 1027 2639 prius
1050 2567 1092 2622 fu·

185 2669 248 2708 esre
280 2653 407 2724 volebat,
422 2669 496 2707 -non
525 2653 679 2724 inoongrue
708 2656 811 2710 dieitur
839 2653 893 2708 illi:
930 2653 986 2708 ium
1014 2669 1092 2729 sumo
1135 2671 1137 2675 ·

185 2737 291 2809 eibum,
317 2737 551 2810 proptereaque
574 2739 630 2794 ium
652 2739 743 2798 feristi
762 2746 875 2811 psopter
893 2739 969 2810 quod
984 2754 1093 2794 sumere
1218 2783 1221 2790 ,

186 2823 344 2882 differebas.
391 2823 482 2878 Multo
511 2821 598 2896 igitur
627 2825 718 2880 minus
748 2824 881 2881 inusitato
910 2831 954 2880 est
980 2823 1143 2892 looutio,18

186 2925 250 2964 eum
267 2909 392 2966 Christus
419 2909 521 2966 uisitur
547 2909 683 2966 exultetis
711 2917 857 2982 propterea
887 2910 953 2982 quia
977 2915 1094 2964 mortem
1184 2965 1192 2975 ,

187 2994 332 3066 sustinuit,
360 3013 412 3067 por
439 3011 524 3067 quom
551 3001 579 3050 et
602 2999 667 3066 post
693 3009 777 3066 quem
798 2995 875 3052 illem
898 2993 1094 3053 exaltationem

169 3154 171 3158 v
259 3114 284 3180 1)
302 3111 403 3168 Parim
423 3119 471 3172 109
490 3111 568 3188 [110],
586 3120 610 3170 7.
674 3122 676 3126 '

255 3185 284 3242 2)
314 3179 384 3238 Luo.
414 3186 461 3252 11),
490 3189 536 3240 22:
574 3181 673 3238 Πάντα
704 3202 755 3254 μοι
782 3179 928 3258 παρεδόθη
957 3177 1014 3235 ὑπὸ
1043 3179 1116 3234 τοῦ-

185 3249 291 3385 “miii
302 3269 400 3377 footiinm
415 3323 456 3390 16,
477 3320 638 3376 ιιιιιάνια
656 3317 710 3375 ὅσα
727 3316 812 3390 ἔχειὸ
831 3314 920 3392 πατὴρ
939 3315 994 3388 ἐμά
1009 3316 1094 3372 ἐστιν.
