2628 3810
374 305 452 366 OUR
468 307 570 364 DEUS
591 303 711 362 HOMO.
746 307 769 360 Ι.
790 311 830 364 19.
851 313 892 362 ao.
1045 299 1087 373 41

257 527 329 612 20·
370 561 441 613 Aoo.
476 559 538 615 Hoc
563 577 673 631 quoque
694 577 749 615 non
775 561 930 633 dubitabis,
956 568 990 617 ut
1011 569 1089 635 puto,
1109 572 1120 623 1

182 647 249 718 quia
266 645 419 701 secundum
438 661 594 699 mensnram
615 647 724 717 peceati
747 653 856 718 oportet
873 649 1089 705 satisfactionem
1146 637 1170 663 χ

182 749 252 787 esse.
286 731 354 786 Bor.
372 730 465 785 Aliter
484 730 659 802 aliquatenus
678 731 865 787 inordinatum
882 739 1007 790 maneret
1025 752 1088 806 pec·
1107 743 1122 793 2

180 823 290 886 catum,
321 817 396 888 quod
424 831 484 868 esse
505 832 561 870 non
584 823 690 888 potest,
719 818 743 871 si
769 819 847 874 Deus
871 819 942 874 nihil
957 821 1091 894 relinquit

181 901 368 958 inordinatum
389 901 419 956 in
441 918 528 972 regno
551 903 642 974 sual)
678 903 734 959 Sed
751 904 806 959 hoc
822 911 865 960 est
886 905 1090 976 praestitutum,
1108 914 1123 965 3

183 987 249 1060 quia
275 987 427 1058 quamlibet
451 1003 570 1058 parvum
595 987 794 1046 inconveniens
823 989 853 1044 in
875 991 937 1045 Deo
963 990 1090 1062 impossi-

170 1073 240 1130 bile
262 1079 311 1128 est
347 1074 416 1127 Aoo.
450 1071 604 1144 Dic'ergo,
628 1074 696 1144 quid
716 1076 805 1130 solves
823 1074 885 1131 Deo
907 1094 958 1145 pro
973 1082 1089 1146 peccato

180 1159 250 1236 tuo?
284 1161 352 1214 Bos.
388 1156 605 1225 Pocnitentiam‚
628 1175 676 1212 cor
693 1160 842 1215 contritum
859 1167 888 1217 et
905 1161 1125 1234 humiliatum,4

183 1243 365 1300 abstinentias
390 1249 418 1298 et
445 1242 623 1297 multimodos
650 1243 759 1299 labores
785 1247 906 1315 eorporis
931 1253 960 1303 et
985 1250 1090 1306 miseri·

181 1331 303 1387 cordiam
323 1329 409 1384 dandi
428 1334 456 1382 et
473 1328 631 1383 dimittendi
648 1335 677 1384 et
696 1329 891 1385 obedientiam.
927 1334 996 1389 Ans.
1015 1335 1090 1400 Quid
1109 1339 1124 1390 5

180 1417 210 1472 in
226 1416 269 1472 liis
287 1415 415 1470 omnibus
434 1413 484 1468 das
503 1413 584 1469 Deo?
620 1415 688 1468 Bos.
724 1413 771 1468 An
792 1430 849 1467 non
865 1415 969 1471 honoro
988 1419 1090 1490 Deum,

182 1501 293 1572 quando
313 1505 427 1570 propter
443 1499 570 1554 timorem
593 1500 654 1554 eius
677 1504 706 1554 et
731 1517 851 1555 amorem
869 1499 899 1554 in
917 1503 1007 1556 cordis
1026 1522 1090 1558 con-

180 1587 292 1642 tritione
312 1583 447 1639 laetitiam
468 1585 649 1654 temporalem
673 1585 789 1654 abiicio‚
812 1586 841 1640 in
866 1583 1041 1642 abstinentiis
1062 1594 1091 1644 et

180 1672 323 1729 laboribus
340 1668 537 1724 delectationes
562 1675 592 1724 et
615 1670 737 1743 quietem
760 1670 842 1725 huius
859 1670 934 1725 vitae
948 1671 1040 1740 calco,
1061 1673 1091 1727 in

182 1759 273 1814 dando
292 1762 320 1812 et
335 1755 498 1810 dimittendo
524 1771 596 1826 quae
612 1772 675 1810 mea
691 1761 757 1810 sunt
771 1756 889 1828 largior,
914 1755 943 1810 in
961 1757 1091 1812 obedien-

180 1845 221 1899 tia
246 1844 383 1913 meipsum
412 1840 453 1894 illi
478 1840 616 1896 sublicio?
654 1844 725 1896 Assa.
761 1841 831 1898 Cum
857 1841 951 1896 reddis
974 1843 1124 1915 aliquid,6
1165 1851 1186 1874 *²

183 1930 258 1999 quod
277 1929 361 1984 debes
378 1929 441 1982 Deo
460 1926 567 1981 etiamsi
591 1943 647 1982 non
673 1927 808 1998 peccasti,
834 1944 890 1983 non
912 1928 997 1984 debes
1017 1945 1090 1984 oom-

182 2020 281 2085 putare
297 2015 350 2070 hoo
367 2031 418 2085 pro
435 2012 536 2080 debito,
564 2012 639 2083 quod
657 2013 742 2070 debes
761 2031 812 2084 pro
829 2018 955 2084 peccato.
991 2015 1092 2070 Omnia
1109 2023 1123 2073 'l

182 2104 276 2154 autem
294 2098 350 2152 ista
372 2100 457 2155 debes
476 2098 552 2167 Deo,
575 2113 647 2169 quae
664 2096 741 2150 dicis.
776 2095 885 2152 Tantus
904 2115 1024 2172 namque
1044 2101 1090 2156 de·

182 2185 230 2240 bet
249 2200 310 2238 esse
326 2183 356 2237 in
372 2184 424 2244 hac
443 2183 553 2240 mortali
567 2183 627 2236 vite
649 2195 741 2250 amor,
757 2186 796 2235 et
812 2182 849 2235 ad
871 2185 947 2254 'quod
969 2186 1092 2255 pertinet

183 2257 283 2333 oratio,
309 2268 475 2324 desiderium
493 2265 673 2341 perveniendi
689 2265 772 2320 adid
790 2266 826 2320 ad
847 2269 923 2337 qnod
941 2268 1032 2324 factus
1052 2287 1090 2337 es,

182 2361 212 2411 ct
230 2355 310 2410 dolor
327 2353 393 2425 quia
410 2355 533 2410 nondum
550 2353 590 2408 ibi
608 2369 646 2422 es,
667 2355 695 2408 et
712 2351 796 2406 timor
814 2367 850 2406 ne
862 2369 918 2408 non
936 2354 1091 2426 pervenias,

183 2448 215 2496 ut
231 2441 338 2495 nullam
355 2439 490 2494 laetitiam
509 2439 611 2494 sentire
629 2437 731 2492 debeas
749 2437 804 2491 nisi
821 2438 855 2492 de
871 2437 930 2507 his,
949 2453 1021 2509 quae
1038 2439 1091 2494 tibi

182 2531 232 2581 ant
249 2525 384 2581 auxilium
402 2528 452 2578 aut
469 2539 546 2593 spem
566 2523 635 2576 dant
651 2523 839 2593 perveniendi.
865 2523 929 2580 Non
949 2524 1023 2578 enim
1034 2543 1090 2582 me·
1109 2533 1124 2584 8

183 2612 251 2666 reris
269 2611 386 2679 habere,
411 2609 486 2680 quod
505 2625 561 2662 non
579 2609 731 2662 secundum
749 2609 824 2678 quod
842 2613 884 2663 est
903 2625 980 2664 amas
999 2617 1027 2666 et
1044 2612 1091 2667 de·

184 2697 297 2766 sideras,
318 2703 347 2751 et
365 2695 400 2750 de
419 2709 484 2764 quo,
507 2692 574 2763 quia
589 2693 712 2748 nondum
730 2693 817 2749 habes
841 2701 869 2749 et
889 2695 981 2751 adhuc
998 2704 1092 2753 utrum
1117 2719 1119 2722 ·
1218 2739 1219 2744 κ

182 2781 327 2836 habiturus
353 2780 391 2835 sie
418 2795 455 2833 an
480 2793 536 2832 non
557 2777 586 2831 in
608 2783 688 2832 ¹tant)
712 2795 741 2832 es
764 2777 902 2850 periculo,
924 2798 981 2836 non
1006 2782 1091 2838 doles.

183 2864 231 2918 Ad
247 2865 323 2936 quod
341 2864 425 2920 etiam
449 2865 583 2935 pertinet,
607 2863 729 2934 quietem
753 2868 781 2919 et
798 2865 995 2924 delectationes
1013 2885 1091 2922 mun·
1108 2875 1124 2926 9

184 2949 283 3019 danae,
307 2967 379 3021 quae
395 2951 518 3005 animum
533 2948 570 3005 ab
587 2949 637 3003 illa
654 2966 721 3004 vera
742 2951 835 3022 quiete
856 2957 885 3007 ct
907 2953 1091 3008 delectatione
1177 2977 1180 2983 ·

183 3041 327 3105 revocant,
356 3036 463 3110 fugere,
495 3035 549 3090 nisi
580 3041 715 3107 quantum
744 3037 781 3090 ad
813 3037 993 3092 intentionem
1024 3037 1092 3092 illuc

182 3119 362 3192 perveniendi
386 3121 531 3194 cognoscis
556 3119 691 3178 sufficere.
726 3121 876 3178 Dationem
900 3139 966 3176 vero
988 3121 1028 3177 ita
1045 3122 1091 3177 de·
1112 3124 1143 3175 10

183 3197 234 3260 bes
253 3206 429 3262 considerare
446 3214 474 3264 te
491 3208 585 3264 facere
604 3225 638 3263 ex
656 3207 758 3278 debito,
776 3207 849 3262 sicut
866 3206 1008 3278 intelligis,
1026 3207 1093 3280 quia

141 3345 143 3349 Ι
256 3364 279 3430 l)
299 3360 372 3418 Vide
389 3378 473 3433 supra
491 3379 514 3416 c.
538 3367 577 3430 12,
598 3367 621 3418 3.
