2628 3810
200 293 244 360 60
376 291 404 348 S.
424 289 595 349 aasabim
614 289 923 350 osnwsemasrs

196 459 356 529 vamtatem
383 467 411 517 et
435 462 498 531 die,
528 462 595 534 quia
611 463 693 518 valde
711 461 853 533 eosvenit,
878 469 912 518 ut
927 462 1104 534 quemadmo-

197 547 265 602 dum
295 547 413 601 hominis
444 555 590 617 peceatum
617 554 645 606 et
673 564 758 603 eausa
783 557 896 604 nostrae
922 547 1105 603 damnationis

151 649 155 673 ἰ
196 632 307 688 initium
333 633 432 686 sumsit
452 647 470 686 a
494 631 611 702 femina,
637 633 677 687 its
693 633 832 688 medisina
849 635 958 704 peceati
976 641 1004 690 et
1019 646 1106 688 musa

196 723 307 772 nostrae
324 716 485 772 salvationis
505 725 637 772 nascatur
661 719 697 774 de
717 719 837 788 femina3
861 737 896 774 ae
917 737 954 776 ne
975 721 1105 776 mulieres
1149 711 1155 731 “

197 803 344 872 desperent
370 802 571 874 sepertinere
597 803 635 858 ad
657 808 760 858 sortem
785 803 945 874 beatorum,
974 806 1105 878 quoniam

197 887 354 944 desemine
378 893 487 944 tantum
510 888 615 942 malurn
638 887 788 958 prooessit,
811 897 932 960 oportet,
956 896 989 945 ut
1009 892 1046 946 ad
1063 907 1106 946 re·

97 597 141 633 s*

195 973 371 1030 formandam
394 990 472 1044 spem
498 989 593 1027 earum
610 973 646 1027 de
662 973 777 1029 muliere
794 975 905 1032 tantum
921 976 1025 1032 bonum
1042 993 1105 1048 pro-

145 1062 178 1114 19
197 1059 288 1115 cedat.
323 1059 415 1129 Pinge
439 1063 469 1112 et
494 1058 556 1112 hoe.
600 1059 631 1115 si
654 1058 735 1129 virgo
759 1066 820 1114 erat
845 1077 916 1132 quae
939 1078 1025 1116 eausa
1051 1061 1107 1116 fuit

97 1165 100 1174 ¹
195 1145 316 1198 humano
333 1142 430 1215 generi
448 1142 534 1198 totius
552 1144 632 1214 mali,
652 1145 740 1200 multo
757 1145 846 1218 magis
866 1146 958 1216 decet,
977 1153 1010 1202 ut
1025 1145 1105 1218 virgo

196 1231 233 1284 sit
264 1245 337 1298 quae
369 1245 455 1282 eausa
480 1229 533 1284 erit
557 1229 643 1285 totius
670 1231 745 1286 boni.
779 1231 843 1286 Hoe
871 1249 982 1303 quoque
1010 1231 1105 1303 pinge.

113 1319 118 1329 ‘
154 1319 155 1322 ’
196 1313 227 1370 si
249 1312 362 1383 mulier,
392 1329 476 1384 quam
498 1313 566 1370 iecit
581 1315 661 1370 Deus
679 1315 714 1370 de
732 1315 792 1370 viro
810 1315 869 1372 sine
887 1317 1005 1388 femina,
1027 1317 1105 1372 faeta

195 1405 239 1454 est
257 1399 293 1454 de
317 1399 438 1470 virgine,
461 1399 593 1456 convenit
617 1401 714 1470 valde,
737 1406 770 1454 ut
784 1394 828 1454 vir
845 1418 966 1474 quoque,
991 1402 1039 1474 qui
1055 1400 1105 1456 fiet

144 1485 178 1534 20
196 1485 231 1540 de
253 1483 372 1555 femina,
395 1485 456 1540 sine
480 1485 541 1540 viro
567 1484 619 1540 fiat
642 1486 677 1540 de
694 1485 817 1557 Virgine.
852 1487 909 1543 Sed
932 1485 1105 1556 depietatis

195 1588 268 1642 quae
287 1577 405 1642 possunt
422 1569 502 1641 pingi
520 1570 680 1640 superbos,
705 1571 772 1643 quia
788 1571 868 1628 Deus
887 1573 969 1629 homo
988 1571 1024 1629 de
1040 1571 1105 1629 Vir-

195 1653 261 1726 gine
289 1655 405 1710 muliere
436 1654 514 1708 nasei
541 1655 641 1725 debet,
672 1656 732 1711 ists
750 1674 825 1712 nune
852 1657 997 1714 sufficiant
1032 1659 1103 1712 Bos.

194 1739 287 1796 Valde
305 1739 439 1810 pulchrae
455 1748 485 1796 et
501 1740 680 1797 rationabiles
698 1747 764 1796 sunt
779 1742 851 1798 istas
866 1743 1000 1814 picturae.
1106 1753 1107 1756 ’

163 1926 176 1976 1
271 1893 313 1979 9ο
364 1929 434 1980 Ans.
451 1927 533 1984 Nune
546 1945 657 2000 quoque
666 1929 855 1998 quaerendum
867 1935 916 1999 est,
930 1930 966 1984 in'
975 1945 1031 2002 qua
1041 1947 1103 2001 per-

195 2026 265 2064 sona
287 2010 379 2080 Deus,
407 2011 456 2084 qui
482 2019 525 2067 est
552 2017 609 2068 tres
635 2031 782 2084 personae,
810 2014 950 2069 hominem
976 2019 1104 2070 assumat

114 2161 135 2180 β
194 2095 293 2150 Plures
320 2095 393 2151 enim
419 2115 555 2168 personae
579 2106 721 2171 nequeunt
747 2117 836 2154 unum
862 2100 1037 2171 eundemque
1056 2100 1104 2154 ho·

194 2181 297 2237 minem
317 2199 458 2238 assumere
480 2183 510 2240 in
532 2184 672 2240 unitatem
697 2202 840 2256 personae.
875 2184 967 2249 Quare
992 2187 1023 2240 in
1046 2202 1105 2242 una

160 2269 177 2320 2
194 2284 313 2338 persona
338 2274 449 2324 tantum
469 2269 523 2327 hoe
545 2270 606 2325 fieri
630 2287 742 2326 neeesse
760 2278 811 2326 est.
846 2271 902 2327 Sed
920 2273 1025 2328 dehac
1043 2271 1104 2327 uni·

193 2359 253 2408 tate
279 2365 414 2426 personae
438 2354 492 2410 Dei
517 2360 547 2411 et
571 2355 691 2410 hominis
718 2361 747 2411 at
772 2357 802 2411 in
828 2375 884 2429 qua
908 2373 1027 2429 persona
1048 2354 1104 2410 Dei

193 2439 246 2496 hoe
276 2441 366 2512 magis
397 2440 458 2496 fieri
486 2445 625 2511 oporteat,
661 2440 690 2494 in
713 2442 831 2513 epistola
853 2442 888 2499 de
913 2442 1103 2498 incarnatione

194 2525 283 2580 Verbi
308 2525 346 2581 ad
370 2524 522 2580 Dominum
547 2525 655 2595 Papam
677 2527 823 2583 Urbanum
841 2527 993 2598 dhoeta‚¹)
1016 2541 1102 2598 quan·

194 2616 255 2664 tum
272 2610 310 2664 ad
326 2616 501 2680 praesentem
518 2610 761 2683 investigationem
779 2612 907 2670 sufficere
923 2617 1007 2684 puto,
1026 2612 1101 2666 loeu-

161 2697 241 2748 3tus
260 2711 330 2750 sum.
364 2697 434 2750 Bos.
472 2695 599 2751 Breviter
623 2702 716 2753 tamen
737 2699 784 2754 hio
807 2705 909 2769 tange,
936 2715 987 2752 our
1009 2694 1104 2766 potius

148 2851 152 2856 .
194 2795 314 2854 persona
333 2780 399 2835 Filii
427 2781 528 2836 debeat
551 2780 690 2838 incarnari
706 2801 790 2855 quam
808 2783 901 2839 Patris
918 2786 967 2836 aut
982 2777 1103 2850 Spiritus

266 3006 292 3072 1)
315 3003 477 3074 Inohoatam
498 3003 572 3058 hane
589 3021 615 3059 a
635 3008 701 3060 1092
722 3002 878 3076 Epistolam
897 3017 932 3056 ae
947 3018 998 3072 per
1014 3007 1103 3083 aesta·

194 3079 252 3128 tem
275 3073 416 3145 sequentis
440 3072 505 3128 anni
530 3072 688 3128 absolutam
710 3071 737 3128 S.
755 3070 883 3128 Anselmi
900 3068 1022 3141 Operum
1045 3070 1103 3126 edr-

193 3141 263 3196 tioni
280 3141 424 3198 Maurinae
443 3141 557 3198 Parisiis
583 3147 646 3196 1721
671 3157 701 3194 re
722 3141 807 3196 etitae
829 3140 953 3195 invenies
970 3139 1104 3195 insertam

193 3210 498 3284 f01.41sq.s.h.t.:
528 3210 613 3264 Liber
636 3212 673 3264 de
717 3211 752 3262 de
776 3209 928 3264 Trinitatis
951 3217 977 3264 et
1001 3211 1037 3264 de
1059 3209 1104 3262 s‘a·

194 3281 360 3335 carnotinae
384 3282 469 3336 Verbi
494 3286 593 3334 coena
616 3277 804 3347 blasphemias
823 3279 955 3335 Rasebni
970 3279 1029 3334 aios
1045 3279 1103 3332 lio.-

192 3349 300 3404 acelini.
