2628 3810
217 254 262 331 22
399 247 941 321 s.uusum0AN'1vnR1ENSid

217 421 353 488 rationem
378 421 456 496 sequi
480 420 688 492 proposuimus,
713 421 840 492 quamvis
858 420 1133 493 aliquantidumure

171 580 172 584 ἵ
217 513 330 579 meas,
348 507 419 564 nihil
432 507 522 578 habco
540 507 616 580 quod
633 505 737 577 possim
754 505 846 563 dicere
864 513 969 564 contra.

188 756 199 806 l
299 729 368 815 12·
417 741 488 820 Ans.
508 761 666 832 Redeamus
686 765 715 815 et
728 737 883 832 uideamus,
900 768 994 818 utrum
1007 735 1131 832 solumi]

220 847 369 904 sericordia
396 848 455 912 sine
478 845 553 902 omni
576 847 712 903 solutione
737 847 824 912 ablati
852 847 906 902 sibi
929 849 1058 929 hoporis,
1080 851 1133 920 def,

220 940 282 990 caat
298 934 391 988 Deum
408 937 524 1004 peccata
541 931 688 988 dimittere.
724 935 793 988 Bos.
822 933 887 990 Non
904 935 985 990 video
1004 952 1054 990 cur
1070 955 1129 992 non

130 1067 142 1130 2
186 1019 325 1074 2doceat
360 1019 439 1090 Am„
465 1017 511 1074 Sic
537 1017 676 1073 dimittere
706 1023 866 1089 peccatum,
895 1036 953 1078 non
981 1027 1023 1076 est
1048 1021 1128 1076 aliud

136 1149 142 1174 ,
220 1119 304 1174 quam
327 1120 384 1158 non
407 1103 520 1174 punire,
545 1109 574 1157 et
592 1101 723 1174 quoniam
739 1111 816 1160 recte
833 1103 961 1176 ordipare
978 1113 1128 1176 peccatum

134 1195 164 1232 Ἀ
219 1187 281 1244 sine
303 1187 491 1244 satisfactione
514 1204 571 1242 non
596 1191 639 1241 est
664 1187 719 1242 nisi
741 1191 855 1259 punire,
884 1188 987 1245 sinon
1002 1191 1127 1262 punitur,

218 1274 407 1331 inordinatum
426 1273 582 1330 dimittitur.
617 1275 686 1328 Bos.
721 1274 900 1332 Rationabile
927 1275 1064 1346 estquod
1085 1277 1127 1331 di·

186 1361 267 1414 dcis.
302 1361 372 1414 Aua.
407 1359 500 1416 Deum
522 1376 588 1414 vero
611 1376 668 1414 non
690 1359 771 1414 decet
795 1359 902 1430 aliquid
923 1360 954 1414 in
972 1378 1022 1416 suo
1038 1377 1127 1432 regno

218 1445 409 1512 inordinatum
432 1445 578 1500 dimittere.
613 1446 683 1499 Bos.
702 1443 731 1501 si
748 1444 826 1499 aliud
842 1446 906 1500 volo
922 1447 1024 1515 dicere,
1042 1445 1127 1500 timeo

186 1537 344 1602 speccaro.
388 1531 458 1584 Ans.
493 1530 585 1602 Igitur
609 1546 667 1584 non
692 1531 774 1584 decet
798 1529 891 1587 Deum
914 1538 1065 1602 peecatum,
1086 1530 1128 1586 sic

184 1623 201 1671 ¹5
218 1616 386 1688 impunitum
405 1617 551 1674 dimittere.
586 1617 655 1671 Bos.
689 1615 736 1670 Ita
757 1614 890 1687 sequitur.
924 1617 994 1670 Aac.
1029 1616 1081 1670 Est
1099 1619 1129 1670 et

204 1703 298 1758 aliud
309 1702 389 1779 *quod
412 1701 550 1772 sequitur,
563 1701 598 1754 ‚si
620 1707 766 1770 peecatum
785 1702 827 1756 sic
845 1701 993 1756 dimittitur
1009 1699 1128 1772 impuni-

218 1795 292 1858 tum,
321 1788 388 1858 quia
415 1787 542 1842 similiter
568 1785 623 1842 erit
648 1787 725 1858 apud
747 1786 841 1842 Deum
863 1785 991 1857 peccanti
1018 1791 1046 1842 et
1070 1804 1127 1858 non

218 1873 363 1945 peccanti;
390 1871 466 1944 quod
487 1870 550 1926 Deo
572 1886 629 1925 non
650 1870 786 1927 convenit
821 1871 890 1926 Boe.
926 1871 990 1928 Non
1013 1888 1128 1944 possum

186 1963 330 2029 dnegare.
365 1957 436 2011 Aac.
467 1952 541 2010 Vide
566 1960 594 2008 et
617 1953 680 2010 hoe.
715 1955 855 2012 Iustitiam
881 1956 1022 2012 hominum
1047 1975 1130 2027 nemo

219 2042 310 2100 nescit
326 2060 386 2098 csse
403 2041 455 2096 sub
475 2040 547 2110 lege,
564 2044 597 2094 ut
614 2041 768 2107 secundum
785 2041 844 2096 eius
857 2041 1040 2114 quantitatem
1051 2060 1129 2104 men·

221 2146 287 2184 sura
304 2127 492 2200 retributionis
519 2142 537 2198 a
554 2126 615 2182 Deo
634 2133 868 2197 recpmpensetur.
903 2128 972 2182 Bos.
1008 2127 1055 2184 Ita
1070 2145 1128 2184 cre·

187 2214 319 2272 idimus.
354 2213 423 2266 Aac.
460 2212 489 2267 Si
512 2217 606 2268 autem
627 2218 774 2283 peccatum
795 2201 852 2287 vrupe
874 2212 988 2268 solvitur
1005 2231 1058 2269 nec
1076 2231 1147 2284 pun

202 2297 308 2368 nitur,
333 2297 404 2352 nulli
427 2298 484 2370 legi
503 2297 637 2354 subiacet.
672 2299 741 2353 Bos.
775 2287 840 2353 Non
859 2315 971 2368 possum
990 2295 1070 2355 aliter
1087 2300 1129 2368 inf
1142 2289 1164 2380 *J

188 2380 355 2456 Steliigere
397 2385 467 2438 Aac.
503 2383 630 2438 Liberior
654 2382 741 2452 igitur
770 2390 813 2438 est
838 2384 988 2452 iniustitia,
1019 2384 1043 2438 si
1067 2384 1130 2454 sola

221 2467 409 2524 misericordia
432 2467 596 2537 dimittitur,
620 2482 704 2540 quam
729 2464 852 2538 iustitia,
878 2471 953 2540 quod
980 2469 1063 2524 valde
1086 2469 1128 2524 in·

188 2553 203 2604 9
221 2552 530 2614 convenienssvidetur.
564 2550 613 2604 Ad
634 2550 687 2606 hoc
712 2552 795 2608 etiam
823 2555 980 2609 extenditur
997 2551 1067 2608 haec
1087 2553 1128 2606 in-

140 2673 141 2676 =
221 2639 426 2708 convenientia,
452 2644 485 2693 ut
512 2635 676 2692 iniustitiam
701 2637 763 2694 Deo
791 2637 908 2694 similem
933 2637 1034 2705 iaciat,
1061 2635 1129 2708 quia

173 2725 204 2795 10
221 2725 294 2794 sicut
303 2724 381 2780 Deus
392 2724 495 2778 nullius
507 2722 564 2794 legi
575 2723 709 2792 subiacet,
728 2723 808 2780 itaet
820 2723 963 2780 iniustitia.
988 2723 1057 2776 Boe.
1072 2721 1128 2779 Ne·

222 2826 293 2882 queo
311 2808 439 2864 resistere
455 2807 557 2862 rationi
573 2814 648 2864 tuae.
683 2808 739 2864 Sed
762 2825 826 2864 cum
843 2807 921 2864 Deus
943 2806 1024 2863 nobis
1047 2823 1128 2878 prae·

222 2893 309 2970 cipiat
325 2892 436 2950 omnino
461 2893 600 2949 dimittere
617 2893 800 2965 peccantibus
819 2892 849 2946 in
867 2907 933 2962 nos,
956 2891 1067 2948 ridetur
1084 2909 1127 2948 re·

220 2996 361 3053 pugnare,
388 2983 421 3033 ut
444 2978 498 3034 hoc
523 2978 677 3054 praecipiat
702 2978 783 3032 nobis
810 2977 886 3047 quod
915 2976 1007 3047 ipsum
1034 2976 1129 3032 facere

173 3063 202 3118 n
220 3082 278 3120 non
301 3065 388 3123 decet
427 3065 497 3119 Aac.
532 3064 618 3121 Nulla
641 3064 671 3120 in
692 3063 746 3117 hoc
772 3068 815 3118 est
837 3062 1035 3133 repugnantia,
1061 3060 1130 3138 quia

221 3149 299 3214 Deus
325 3150 379 3206 hoe
404 3147 541 3222 praecipit
565 3148 661 3213 nobis,
686 3153 719 3202 ut
741 3163 798 3201 non
820 3163 1028 3217 praesumamus
1051 3145 1130 3220 quod

172 3239 203 3292 12
221 3233 306 3289 solius
325 3234 380 3290 Dei
400 3241 450 3290 est.
487 3234 535 3290 Ad
557 3233 665 3287 nullum
687 3230 760 3286 enim
778 3229 900 3301 pertinet
917 3231 1069 3288 vindictam
1085 3231 1127 3286 ia·

221 3335 298 3390 cere,
317 3318 372 3374 nisi
390 3321 428 3376 ad
445 3321 524 3376 illum
542 3317 591 3391 qui
609 3316 747 3373 Dominus
765 3322 808 3371 est
825 3317 964 3387 omnium,
981 3334 1047 3372 nam
1064 3333 1128 3370 cum
