2628 3810
374 228 451 312 curi
468 253 568 312 naus
586 229 704 312 nono.
739 255 777 312 11.
799 263 836 314 ιτ.
857 260 897 312 1⁸.
1054 256 1095 325 85

214 425 216 428 i
269 421 336 517 180
387 463 458 518 alae.
485 462 543 528 Si1)
558 437 674 532 propter
698 461 832 516 iustitiam
857 476 887 514 se
907 459 1127 530 permisisse-1
1195 451 1196 458 ’

191 545 264 615 cidi,
291 563 382 602 nonne
400 549 437 602 ad
454 549 586 606 honorem
608 547 662 604 Dei
685 547 770 602 vitam
794 562 874 600 suam
897 545 992 603 dedit?
1027 545 1129 604 ΒΜ

190 629 224 686 si
243 648 356 702 pessum
372 633 528 704 intelligere
546 633 621 703 quod
637 650 695 714 non
712 631 818 701 dubito,
837 631 963 704 quamvis
983 650 1040 688 non
1056 634 1095 688 vi·

67 747 69 756 1
128 764 135 772 .
191 715 275 771 deam
294 720 431 789 quomode
453 717 654 773 rationabiliter
675 717 728 772 hoc
746 716 858 786 fecerit3
881 723 909 772 et
926 735 989 774 cum
1008 724 1037 776 et
1051 719 1096 784 ¹iu·

189 801 297 856 stitiam
313 803 545 873 indeclinabiliter
561 808 590 858 et
605 802 692 856 vitam
707 819 786 857 suam
799 803 975 860 aeternaliter
986 821 1097 860 serrare

191 877 328 958 potuerit,
353 888 462 946 fatebor
479 888 560 946 illum
577 888 633 943 tale
651 888 719 959 quid
737 893 836 959 sponte
853 888 961 946 dedisse
978 890 1040 946 Deo
1059 892 1096 948 ad

190 961 324 1028 honorem
341 973 430 1044 illius,
452 974 498 1028 cui
525 973 657 1044 quicquid
684 973 759 1043 quod
775 972 853 1030 Deus
878 992 934 1030 non
956 981 999 1032 est
1023 965 1095 1032 acin·

190 1058 285 1128 parari
302 1077 358 1114 non
373 1065 481 1130 potest,
504 1065 533 1114 et
557 1058 633 1129 quod
655 1075 705 1128 pro
723 1058 849 1114 omnibus
869 1062 991 1118 omnium
1009 1062 1096 1119 humi·

190 1161 258 1198 num
278 1145 377 1200 debitis
401 1145 605 1215 recompensari
620 1149 721 1214 potest.
755 1145 824 1199 Aac.
842 1145 905 1202 rAn
922 1165 980 1204 non
997 1147 1096 1205 intelli·
1114 1154 1129 1204 3

188 1227 250 1298 gis,
275 1229 341 1300 quia
363 1247 427 1286 cunr
451 1231 566 1286 iniurias
587 1237 615 1285 et
635 1230 814 1300 contumeliae
832 1238 860 1288 et
876 1241 992 1290 mortem
1007 1235 1097 1290 erneis

190 1329 256 1374 cum
273 1313 427 1371 latronibus
453 1316 507 1371 sibi
530 1313 614 1384 (sicat
630 1321 742 1385 suprs2)
763 1316 892 1386 diximus)
909 1326 1023 1390 prepter
1041 1320 1096 1376 ius·

189 1398 282 1454 titiam
307 1417 390 1472 quem
413 1402 573 1458 obedienter
589 1401 725 1470 servabat,
742 1401 834 1458 illatas
837 1403 973 1486 ,benigna
989 1406 1096 1476 patien-

189 1484 232 1539 tia
262 1486 406 1556 sustinuit;
445 1487 600 1558 exemplum
637 1487 715 1543 dedit
752 1488 923 1559 homiuibus,
959 1495 1096 1562 quatenns

191 1577 306 1642 propter
328 1573 405 1628 nulla
429 1573 603 1628 incommoda
628 1589 701 1644 quae
728 1574 830 1630 sentire
853 1584 984 1645 possunt,
1011 1594 1029 1631 a
1056 1578 1096 1632 in-

189 1656 267 1712 stitia
281 1675 365 1729 quam
378 1659 439 1712 Deo
454 1658 563 1728 debent,
582 1658 737 1729 declinent3
757 1661 832 1730 quod
844 1661 956 1718 minime
968 1663 1096 1734 dediest,

190 1744 216 1798 si
240 1745 393 1798 secundnm
419 1743 571 1814 potentiam
601 1759 678 1798 suam
710 1751 826 1802 mortem
848 1764 900 1816 pre
928 1747 978 1802 tali
1011 1765 1097 1804 causa

191 1828 299 1884 illatam
318 1829 503 1886 declinasset?
519 1819 521 1831 '
538 1833 606 1886 Boe.
634 1829 753 1886 Videtur
778 1831 854 1903 quod
870 1831 930 1903 ipse
947 1833 1026 1888 nulla
1042 1833 1095 1890 hoc
1112 1825 1130 1877 4

191 1916 348 1986 exemplum
371 1913 536 1974 necessitate
563 1916 682 1985 dederit,
708 1917 838 1988 quoniam
864 1918 947 1974 multi
964 1924 1029 1974 ante
1047 1919 1096 1974 ad·

190 2007 306 2056 ventum
335 2003 393 2057 eius
424 2007 453 2056 et
485 2001 603 2056 Ioannes
632 2003 755 2072 baptista
781 2009 845 2074 post
864 2005 1013 2060 adventum
1032 2011 1097 2060 ante

192 2091 308 2140 mortem
335 2085 408 2155 eius,
435 2086 543 2142 fortiter
569 2093 683 2144 mortem
710 2105 761 2157 pre
787 2089 904 2144 veritate
930 2089 1096 2146 sustinentes

190 2169 262 2224 illud
286 2171 455 2226 sufficienter
481 2171 590 2226 dedisse
617 2175 776 2226 noscuntur.
817 2173 886 2226 Aac.
921 2173 1022 2230 Nullus
1045 2170 1129 2230 rra-5

192 2271 277 2325 quam
306 2255 387 2310 homo
418 2263 529 2326 praeter
557 2256 635 2311 illum
666 2256 808 2312 moriende
834 2259 896 2314 Deo
920 2258 997 2313 dedit
1022 2261 1096 2330 qnod

189 2340 343 2412 aliquando
368 2342 533 2397 necessitate
558 2341 717 2414 perditurus
742 2359 798 2398 non
829 2350 903 2412 eret,
935 2349 985 2398 ant
1014 2345 1097 2400 solvit

189 2427 267 2498 quod
284 2443 340 2482 nen
358 2427 486 2482 debebat
521 2426 573 2483 Ille
592 2445 657 2483 vero
681 2434 779 2500 sponte
795 2428 873 2484 Patri
897 2428 999 2486 obtulit
1021 2429 1096 2502 qued

189 2512 269 2568 nulla
286 2512 450 2568 necessitate
467 2529 591 2584 unquam
616 2513 766 2568 amissurus
794 2515 870 2584 erat,
897 2519 926 2570 et
947 2515 1030 2570 solvit
1046 2533 1098 2588 pro

190 2598 384 2670 peecatoribus
405 2598 479 2670 quod
496 2615 546 2669 pro
571 2613 602 2653 se
618 2616 675 2654 non
693 2599 821 2655 debebat.
857 2599 1033 2672 Quapropter
1049 2602 1096 2659 ilie
1114 2604 1129 2656 6

190 2685 279 2740 multo
320 2683 408 2754 magis
440 2683 517 2738 dedit
547 2685 716 2755 exemplum,
745 2690 777 2740 ut
805 2685 994 2759 unusquisque
1022 2688 1097 2760 qued

188 2771 342 2842 aliquando
366 2769 559 2824 incunctanter
582 2770 733 2824 amissurus
757 2775 813 2840 est,
840 2789 890 2842 pre
907 2790 937 2828 re
957 2773 1019 2844 ipso
1036 2773 1097 2828 red·

191 2855 258 2910 dere
282 2856 358 2921 Deo,
387 2871 451 2910 cum
475 2854 546 2911 ratio
567 2855 703 2926 postulat,
730 2873 787 2912 nen
810 2856 943 2936 dubitet„
960 2859 1008 2930 qui
1033 2871 1097 2910 cnm

189 2939 350 2994 nullatenus
367 2945 417 2994 aut
432 2955 483 3010 pro
509 2955 539 2994 se
563 2938 702 3010 indigeret
726 2947 776 2997 aut
795 2937 942 3014 cognatur
958 2957 1009 3013 pro
1027 2940 1095 3010 aliis,

190 3025 295 3097 quibes
313 3025 381 3080 nibil
398 3025 451 3080 nisi
467 3041 586 3096 poenam
605 3025 741 3094 debebat,
766 3030 824 3081 tam
843 3025 994 3096 pretiosam
1010 3023 1097 3078 vitam

108 3313 111 3323 .
195 3231 198 3236 ›
264 3267 289 3335 1)
310 3265 344 3320 In
364 3265 446 3320 Mser.
462 3265 508 3320 hic
526 3249 624 3338 incipit
640 3282 662 3322 e.
683 3268 724 3321 te.

239 3338 288 3418 .²)
309 3332 365 3392 cfr.
388 3351 412 3390 e.
437 3338 476 3404 11,
497 3339 529 3390 as
547 3352 590 3408 sq.

401 3451 417 3482 Α
