<?xml version="1.0" encoding="UTF-8"?>
<!DOCTYPE html PUBLIC "-//W3C//DTD XHTML 1.0 Transitional//EN"
    "http://www.w3.org/TR/xhtml1/DTD/xhtml1-transitional.dtd">
<html xmlns="http://www.w3.org/1999/xhtml" xml:lang="en" lang="en">
 <head>
  <title>
</title>
<meta http-equiv="Content-Type" content="text/html;charset=utf-8" />
  <meta name='ocr-system' content='tesseract 3.04.00' />
  <meta name='ocr-capabilities' content='ocr_page ocr_carea ocr_par ocr_line ocrx_word'/>
</head>
<body>
  <div class='ocr_page' id='page_1' title='image "./sanselmicantuar00laemgoog_0115.png"; bbox 0 0 2628 3810; ppageno 0'>
   <div class='ocr_carea' id='block_1_1' title="bbox 207 281 935 356">
    <p class='ocr_par' dir='ltr' id='par_1_1' title="bbox 207 281 935 356">
     <span class='ocr_line' id='line_1_1' title="bbox 207 281 935 356; baseline -0.003 -13"><span class='ocrx_word' id='word_1_1' title='bbox 207 289 251 356; x_wconf 88' lang='grc'><strong>90</strong></span> <span class='ocrx_word' id='word_1_2' title='bbox 390 283 418 342; x_wconf 85' lang='lat' dir='ltr'><strong>S.</strong></span> <span class='ocrx_word' id='word_1_3' title='bbox 434 281 612 344; x_wconf 65' lang='lat' dir='ltr'><strong>eum.</strong></span> <span class='ocrx_word' id='word_1_4' title='bbox 625 281 935 342; x_wconf 76' lang='lat' dir='ltr'>OAN&#39;I&#39;UAROENSIS</span> 
     </span>
    </p>
   </div>
   <div class='ocr_carea' id='block_1_2' title="bbox 94 453 1185 2318">
    <p class='ocr_par' dir='ltr' id='par_1_2' title="bbox 94 453 1185 2318">
     <span class='ocr_line' id='line_1_2' title="bbox 206 453 1114 530; baseline -0.001 -18"><span class='ocrx_word' id='word_1_5' title='bbox 206 454 449 530; x_wconf 76' lang='lat' dir='ltr'><strong>participationem</strong></span> <span class='ocrx_word' id='word_1_6' title='bbox 465 453 655 510; x_wconf 86' lang='lat' dir='ltr'><strong>accedendum</strong></span> <span class='ocrx_word' id='word_1_7' title='bbox 678 459 707 509; x_wconf 84' lang='lat' dir='ltr'><strong>et</strong></span> <span class='ocrx_word' id='word_1_8' title='bbox 729 453 867 526; x_wconf 89' lang='lat' dir='ltr'><strong>quomodo</strong></span> <span class='ocrx_word' id='word_1_9' title='bbox 884 454 937 510; x_wconf 85' lang='lat' dir='ltr'><strong>sub</strong></span> <span class='ocrx_word' id='word_1_10' title='bbox 955 453 1005 510; x_wconf 84' lang='lat' dir='ltr'><strong>ills</strong></span> <span class='ocrx_word' id='word_1_11' title='bbox 1021 454 1114 511; x_wconf 80' lang='lat' dir='ltr'><strong>viven-</strong></span> 
     </span>
     <span class='ocr_line' id='line_1_3' title="bbox 208 538 1114 612; baseline 0.001 -16"><span class='ocrx_word' id='word_1_12' title='bbox 208 542 289 610; x_wconf 91' lang='lat' dir='ltr'><strong>dum,</strong></span> <span class='ocrx_word' id='word_1_13' title='bbox 313 556 363 595; x_wconf 88' lang='lat' dir='ltr'><strong>nos</strong></span> <span class='ocrx_word' id='word_1_14' title='bbox 388 538 493 610; x_wconf 90' lang='lat' dir='ltr'><strong>ubique</strong></span> <span class='ocrx_word' id='word_1_15' title='bbox 513 555 593 594; x_wconf 84' lang='lat' dir='ltr'><strong>sacra</strong></span> <span class='ocrx_word' id='word_1_16' title='bbox 610 539 749 610; x_wconf 84' lang='lat' dir='ltr'><strong>scripture</strong></span> <span class='ocrx_word' id='word_1_17' title='bbox 766 539 860 610; x_wconf 89' lang='lat' dir='ltr'><strong>docet,</strong></span> <span class='ocrx_word' id='word_1_18' title='bbox 881 556 953 612; x_wconf 89' lang='lat' dir='ltr'><strong>quae</strong></span> <span class='ocrx_word' id='word_1_19' title='bbox 971 557 1055 610; x_wconf 84' lang='lat' dir='ltr'><strong>super</strong></span> <span class='ocrx_word' id='word_1_20' title='bbox 1071 558 1114 597; x_wconf 87' lang='lat' dir='ltr'><strong>so·</strong></span> 
     </span>
     <span class='ocr_line' id='line_1_4' title="bbox 208 623 1114 698; baseline 0 -16"><span class='ocrx_word' id='word_1_21' title='bbox 208 627 295 682; x_wconf 86' lang='lat' dir='ltr'><strong>lidam</strong></span> <span class='ocrx_word' id='word_1_22' title='bbox 312 623 472 696; x_wconf 84' lang='lat' dir='ltr'><strong>veritatem,</strong></span> <span class='ocrx_word' id='word_1_23' title='bbox 496 642 592 697; x_wconf 87' lang='lat' dir='ltr'><strong>quam.</strong></span> <span class='ocrx_word' id='word_1_24' title='bbox 604 625 756 682; x_wconf 82' lang='lat' dir='ltr'><strong>adiuvante</strong></span> <span class='ocrx_word' id='word_1_25' title='bbox 774 625 836 682; x_wconf 92' lang='lat' dir='ltr'><strong>Deo</strong></span> <span class='ocrx_word' id='word_1_26' title='bbox 860 625 1035 698; x_wconf 84' lang='lat' dir='ltr'><strong>aliquatenus</strong></span> <span class='ocrx_word' id='word_1_27' title='bbox 1052 643 1114 697; x_wconf 84' lang='lat' dir='ltr'><strong>per·</strong></span> 
     </span>
     <span class='ocr_line' id='line_1_5' title="bbox 208 709 1114 784; baseline -0.001 -16"><span class='ocrx_word' id='word_1_28' title='bbox 208 711 358 784; x_wconf 75' lang='lat' dir='ltr'><strong>speximus,</strong></span> <span class='ocrx_word' id='word_1_29' title='bbox 377 711 454 768; x_wconf 85' lang='lat' dir='ltr'><strong>velut</strong></span> <span class='ocrx_word' id='word_1_30' title='bbox 471 728 555 782; x_wconf 73' lang='lat' dir='ltr'><strong>super</strong></span> <span class='ocrx_word' id='word_1_31' title='bbox 565 709 675 766; x_wconf 85' lang='lat' dir='ltr'><strong>firmum</strong></span> <span class='ocrx_word' id='word_1_32' title='bbox 686 711 898 766; x_wconf 86' lang='lat' dir='ltr'><strong>fundamentum</strong></span> <span class='ocrx_word' id='word_1_33' title='bbox 910 709 1028 766; x_wconf 79' lang='lat' dir='ltr'><strong>fimdeta</strong></span> <span class='ocrx_word' id='word_1_34' title='bbox 1039 714 1114 777; x_wconf 83' lang='lat' dir='ltr'><strong>est1)</strong></span> 
     </span>
     <span class='ocr_line' id='line_1_6' title="bbox 159 795 1114 872; baseline -0.001 -20"><span class='ocrx_word' id='word_1_35' title='bbox 159 799 190 852; x_wconf 83' lang='lat'><strong>15</strong></span> <span class='ocrx_word' id='word_1_36' title='bbox 207 800 278 852; x_wconf 84' lang='lat' dir='ltr'><strong>Bos.</strong></span> <span class='ocrx_word' id='word_1_37' title='bbox 295 796 370 855; x_wconf 86' lang='lat' dir='ltr'><strong>Vere</strong></span> <span class='ocrx_word' id='word_1_38' title='bbox 387 795 525 868; x_wconf 89' lang='lat' dir='ltr'><strong>quidquid</strong></span> <span class='ocrx_word' id='word_1_39' title='bbox 543 815 628 867; x_wconf 87' lang='lat' dir='ltr'><strong>super</strong></span> <span class='ocrx_word' id='word_1_40' title='bbox 642 797 854 852; x_wconf 85' lang='lat' dir='ltr'><strong>fundamentum</strong></span> <span class='ocrx_word' id='word_1_41' title='bbox 872 795 926 851; x_wconf 88' lang='lat' dir='ltr'><strong>hoe</strong></span> <span class='ocrx_word' id='word_1_42' title='bbox 943 795 1114 872; x_wconf 79' lang='lat' dir='ltr'><strong>aedificatur,</strong></span> 
     </span>
     <span class='ocr_line' id='line_1_7' title="bbox 158 881 1116 954; baseline 0.002 -18"><span class='ocrx_word' id='word_1_43' title='bbox 158 884 190 939; x_wconf 88' lang='grc'><strong>16</strong></span> <span class='ocrx_word' id='word_1_44' title='bbox 208 901 291 954; x_wconf 86' lang='lat' dir='ltr'><strong>super</strong></span> <span class='ocrx_word' id='word_1_45' title='bbox 307 882 416 938; x_wconf 87' lang='lat' dir='ltr'><strong>firmam</strong></span> <span class='ocrx_word' id='word_1_46' title='bbox 433 887 542 952; x_wconf 86' lang='lat' dir='ltr'><strong>petram</strong></span> <span class='ocrx_word' id='word_1_47' title='bbox 560 882 702 938; x_wconf 83' lang='lat' dir='ltr'><strong>fundatur.</strong></span> <span class='ocrx_word' id='word_1_48' title='bbox 737 883 807 936; x_wconf 81' lang='lat' dir='ltr'><strong>Ans.</strong></span> <span class='ocrx_word' id='word_1_49' title='bbox 836 881 909 936; x_wconf 90' lang='lat' dir='ltr'><strong>Puto</strong></span> <span class='ocrx_word' id='word_1_50' title='bbox 928 899 972 938; x_wconf 90' lang='lat' dir='ltr'><strong>me</strong></span> <span class='ocrx_word' id='word_1_51' title='bbox 988 881 1116 954; x_wconf 86' lang='lat' dir='ltr'><strong>aliquan·</strong></span> 
     </span>
     <span class='ocr_line' id='line_1_8' title="bbox 207 963 1116 1040; baseline -0.002 -16"><span class='ocrx_word' id='word_1_52' title='bbox 207 969 297 1024; x_wconf 91' lang='lat' dir='ltr'><strong>tulum</strong></span> <span class='ocrx_word' id='word_1_53' title='bbox 314 967 371 1022; x_wconf 87' lang='lat' dir='ltr'><strong>inm</strong></span> <span class='ocrx_word' id='word_1_54' title='bbox 387 973 453 1022; x_wconf 88' lang='lat' dir='ltr'><strong>tuae</strong></span> <span class='ocrx_word' id='word_1_55' title='bbox 474 963 641 1021; x_wconf 70' lang='lat' dir='ltr'><strong>satisfecisse</strong></span> <span class='ocrx_word' id='word_1_56' title='bbox 657 966 824 1040; x_wconf 88' lang='lat' dir='ltr'><strong>quaestioni,</strong></span> <span class='ocrx_word' id='word_1_57' title='bbox 843 967 969 1037; x_wconf 82' lang='lat' dir='ltr'><strong>quamvis</strong></span> <span class='ocrx_word' id='word_1_58' title='bbox 988 966 1042 1022; x_wconf 90' lang='lat' dir='ltr'><strong>hoc</strong></span> <span class='ocrx_word' id='word_1_59' title='bbox 1059 983 1116 1022; x_wconf 89' lang='lat' dir='ltr'><strong>me·</strong></span> 
     </span>
     <span class='ocr_line' id='line_1_9' title="bbox 207 1050 1115 1124; baseline -0.003 -15"><span class='ocrx_word' id='word_1_60' title='bbox 207 1053 260 1110; x_wconf 88' lang='lat' dir='ltr'><strong>lior</strong></span> <span class='ocrx_word' id='word_1_61' title='bbox 276 1067 323 1108; x_wconf 92' lang='lat' dir='ltr'><strong>me</strong></span> <span class='ocrx_word' id='word_1_62' title='bbox 342 1051 436 1108; x_wconf 86' lang='lat' dir='ltr'><strong>faeere</strong></span> <span class='ocrx_word' id='word_1_63' title='bbox 460 1050 570 1122; x_wconf 82' lang='lat' dir='ltr'><strong>plenius</strong></span> <span class='ocrx_word' id='word_1_64' title='bbox 587 1052 692 1122; x_wconf 79' lang='lat' dir='ltr'><strong>possit,</strong></span> <span class='ocrx_word' id='word_1_65' title='bbox 719 1059 748 1108; x_wconf 88' lang='lat' dir='ltr'><strong>et</strong></span> <span class='ocrx_word' id='word_1_66' title='bbox 771 1052 889 1107; x_wconf 87' lang='lat' dir='ltr'><strong>maiores</strong></span> <span class='ocrx_word' id='word_1_67' title='bbox 915 1057 999 1124; x_wconf 79' lang='lat' dir='ltr'><strong>atque</strong></span> <span class='ocrx_word' id='word_1_68' title='bbox 1021 1051 1115 1123; x_wconf 88' lang='lat' dir='ltr'><strong>plures</strong></span> 
     </span>
     <span class='ocr_line' id='line_1_10' title="bbox 208 1135 1115 1212; baseline -0.002 -18"><span class='ocrx_word' id='word_1_69' title='bbox 208 1155 292 1212; x_wconf 91' lang='lat' dir='ltr'><strong>quam</strong></span> <span class='ocrx_word' id='word_1_70' title='bbox 318 1153 409 1192; x_wconf 85' lang='lat' dir='ltr'><strong>meum</strong></span> <span class='ocrx_word' id='word_1_71' title='bbox 433 1141 483 1190; x_wconf 90' lang='lat' dir='ltr'><strong>aut</strong></span> <span class='ocrx_word' id='word_1_72' title='bbox 505 1138 622 1193; x_wconf 78' lang='lat' dir='ltr'><strong>mortale</strong></span> <span class='ocrx_word' id='word_1_73' title='bbox 646 1138 790 1210; x_wconf 87' lang='lat' dir='ltr'><strong>ingenium</strong></span> <span class='ocrx_word' id='word_1_74' title='bbox 817 1135 1051 1207; x_wconf 78' lang='lat' dir='ltr'><strong>comprehendere</strong></span> <span class='ocrx_word' id='word_1_75' title='bbox 1066 1154 1115 1192; x_wconf 84' lang='lat' dir='ltr'><strong>va·</strong></span> 
     </span>
     <span class='ocr_line' id='line_1_11' title="bbox 158 1220 1115 1294; baseline -0.001 -15"><span class='ocrx_word' id='word_1_76' title='bbox 158 1221 189 1272; x_wconf 85' lang='lat'><strong>¹7</strong></span> <span class='ocrx_word' id='word_1_77' title='bbox 207 1225 278 1291; x_wconf 89' lang='lat' dir='ltr'><strong>leat,</strong></span> <span class='ocrx_word' id='word_1_78' title='bbox 307 1222 390 1276; x_wconf 90' lang='lat' dir='ltr'><strong>huius</strong></span> <span class='ocrx_word' id='word_1_79' title='bbox 415 1220 456 1276; x_wconf 88' lang='lat' dir='ltr'><strong>rei</strong></span> <span class='ocrx_word' id='word_1_80' title='bbox 479 1221 536 1277; x_wconf 85' lang='lat' dir='ltr'><strong>sint</strong></span> <span class='ocrx_word' id='word_1_81' title='bbox 558 1223 688 1279; x_wconf 82' lang='lat' dir='ltr'><strong>rationes.</strong></span> <span class='ocrx_word' id='word_1_82' title='bbox 720 1224 819 1279; x_wconf 81' lang='lat' dir='ltr'><strong>Pnlnm</strong></span> <span class='ocrx_word' id='word_1_83' title='bbox 849 1223 934 1279; x_wconf 87' lang='lat' dir='ltr'><strong>etiem</strong></span> <span class='ocrx_word' id='word_1_84' title='bbox 961 1229 1018 1292; x_wconf 86' lang='lat' dir='ltr'><strong>est,</strong></span> <span class='ocrx_word' id='word_1_85' title='bbox 1047 1222 1115 1294; x_wconf 80' lang='lat' dir='ltr'><strong>quia</strong></span> 
     </span>
     <span class='ocr_line' id='line_1_12' title="bbox 206 1306 1114 1383; baseline 0.002 -21"><span class='ocrx_word' id='word_1_86' title='bbox 206 1307 292 1378; x_wconf 89' lang='lat' dir='ltr'><strong>Deus,</strong></span> <span class='ocrx_word' id='word_1_87' title='bbox 310 1314 342 1364; x_wconf 93' lang='lat' dir='ltr'><strong>ut</strong></span> <span class='ocrx_word' id='word_1_88' title='bbox 360 1307 412 1363; x_wconf 88' lang='lat' dir='ltr'><strong>hoc</strong></span> <span class='ocrx_word' id='word_1_89' title='bbox 430 1306 536 1383; x_wconf 80' lang='lat' dir='ltr'><strong>faceret</strong></span> <span class='ocrx_word' id='word_1_90' title='bbox 549 1309 624 1380; x_wconf 91' lang='lat' dir='ltr'><strong>quod</strong></span> <span class='ocrx_word' id='word_1_91' title='bbox 635 1309 762 1379; x_wconf 85' lang='lat' dir='ltr'><strong>diximus,</strong></span> <span class='ocrx_word' id='word_1_92' title='bbox 781 1310 941 1365; x_wconf 84' lang='lat' dir='ltr'><strong>nullatenus</strong></span> <span class='ocrx_word' id='word_1_93' title='bbox 953 1307 1114 1380; x_wconf 77' lang='lat' dir='ltr'><strong>indigebat3</strong></span> 
     </span>
     <span class='ocr_line' id='line_1_13' title="bbox 94 1393 1185 1466; baseline 0 -16"><span class='ocrx_word' id='word_1_94' title='bbox 94 1435 95 1440; x_wconf 17' lang='grc' dir='ltr'><strong>κ</strong></span> <span class='ocrx_word' id='word_1_95' title='bbox 207 1394 257 1450; x_wconf 88' lang='lat' dir='ltr'><strong>sed</strong></span> <span class='ocrx_word' id='word_1_96' title='bbox 286 1395 327 1450; x_wconf 80' lang='lat' dir='ltr'><strong>ita</strong></span> <span class='ocrx_word' id='word_1_97' title='bbox 356 1394 458 1452; x_wconf 84' lang='lat' dir='ltr'><strong>veritas</strong></span> <span class='ocrx_word' id='word_1_98' title='bbox 484 1394 665 1450; x_wconf 85' lang='lat' dir='ltr'><strong>immutabilis</strong></span> <span class='ocrx_word' id='word_1_99' title='bbox 691 1395 836 1466; x_wconf 80' lang='lat' dir='ltr'><strong>exigebat3</strong></span> <span class='ocrx_word' id='word_1_100' title='bbox 866 1393 932 1449; x_wconf 89' lang='lat' dir='ltr'><strong>licet</strong></span> <span class='ocrx_word' id='word_1_101' title='bbox 960 1393 1035 1448; x_wconf 91' lang='lat' dir='ltr'><strong>enim</strong></span> <span class='ocrx_word' id='word_1_102' title='bbox 1061 1393 1116 1450; x_wconf 83' lang='lat' dir='ltr'><strong>hoo</strong></span> <span class='ocrx_word' id='word_1_103' title='bbox 1178 1444 1185 1464; x_wconf 65' lang='lat'><strong>,</strong></span> 
     </span>
     <span class='ocr_line' id='line_1_14' title="bbox 207 1477 1116 1552; baseline 0 -16"><span class='ocrx_word' id='word_1_104' title='bbox 207 1477 282 1552; x_wconf 86' lang='lat' dir='ltr'><strong>quod</strong></span> <span class='ocrx_word' id='word_1_105' title='bbox 301 1480 383 1535; x_wconf 90' lang='lat' dir='ltr'><strong>homo</strong></span> <span class='ocrx_word' id='word_1_106' title='bbox 411 1479 460 1535; x_wconf 91' lang='lat' dir='ltr'><strong>ille</strong></span> <span class='ocrx_word' id='word_1_107' title='bbox 481 1479 560 1550; x_wconf 80' lang='lat' dir='ltr'><strong>fecit,</strong></span> <span class='ocrx_word' id='word_1_108' title='bbox 583 1479 661 1535; x_wconf 86' lang='lat' dir='ltr'><strong>Deus</strong></span> <span class='ocrx_word' id='word_1_109' title='bbox 682 1481 792 1536; x_wconf 87' lang='lat' dir='ltr'><strong>dicatur</strong></span> <span class='ocrx_word' id='word_1_110' title='bbox 808 1480 907 1536; x_wconf 76' lang='lat' dir='ltr'><strong>fecisse</strong></span> <span class='ocrx_word' id='word_1_111' title='bbox 924 1485 1038 1550; x_wconf 87' lang='lat' dir='ltr'><strong>propter</strong></span> <span class='ocrx_word' id='word_1_112' title='bbox 1054 1479 1116 1536; x_wconf 89' lang='lat' dir='ltr'><strong>uni·</strong></span> 
     </span>
     <span class='ocr_line' id='line_1_15' title="bbox 206 1565 1115 1638; baseline 0.001 -17"><span class='ocrx_word' id='word_1_113' title='bbox 206 1573 293 1622; x_wconf 86' lang='lat' dir='ltr'><strong>tatem</strong></span> <span class='ocrx_word' id='word_1_114' title='bbox 319 1571 469 1637; x_wconf 84' lang='lat' dir='ltr'><strong>personae,</strong></span> <span class='ocrx_word' id='word_1_115' title='bbox 496 1566 573 1621; x_wconf 85' lang='lat' dir='ltr'><strong>Deus</strong></span> <span class='ocrx_word' id='word_1_116' title='bbox 600 1571 694 1621; x_wconf 85' lang='lat' dir='ltr'><strong>tamen</strong></span> <span class='ocrx_word' id='word_1_117' title='bbox 716 1584 773 1623; x_wconf 91' lang='lat' dir='ltr'><strong>non</strong></span> <span class='ocrx_word' id='word_1_118' title='bbox 795 1565 898 1638; x_wconf 87' lang='lat' dir='ltr'><strong>egebat</strong></span> <span class='ocrx_word' id='word_1_119' title='bbox 922 1572 955 1620; x_wconf 92' lang='lat' dir='ltr'><strong>ut</strong></span> <span class='ocrx_word' id='word_1_120' title='bbox 977 1565 1013 1621; x_wconf 87' lang='lat' dir='ltr'><strong>de</strong></span> <span class='ocrx_word' id='word_1_121' title='bbox 1036 1565 1115 1622; x_wconf 89' lang='lat' dir='ltr'><strong>coelo</strong></span> 
     </span>
     <span class='ocr_line' id='line_1_16' title="bbox 207 1649 1116 1724; baseline 0.002 -19"><span class='ocrx_word' id='word_1_122' title='bbox 207 1651 388 1707; x_wconf 82' lang='lat' dir='ltr'><strong>descenderet</strong></span> <span class='ocrx_word' id='word_1_123' title='bbox 405 1651 443 1705; x_wconf 88' lang='lat' dir='ltr'><strong>ad</strong></span> <span class='ocrx_word' id='word_1_124' title='bbox 464 1651 633 1707; x_wconf 83' lang='lat' dir='ltr'><strong>vincendum</strong></span> <span class='ocrx_word' id='word_1_125' title='bbox 660 1649 814 1720; x_wconf 88' lang='lat' dir='ltr'><strong>diabolum,</strong></span> <span class='ocrx_word' id='word_1_126' title='bbox 838 1668 929 1724; x_wconf 88' lang='lat' dir='ltr'><strong>neque</strong></span> <span class='ocrx_word' id='word_1_127' title='bbox 952 1658 985 1707; x_wconf 90' lang='lat' dir='ltr'><strong>ut</strong></span> <span class='ocrx_word' id='word_1_128' title='bbox 1007 1669 1059 1724; x_wconf 86' lang='lat' dir='ltr'><strong>per</strong></span> <span class='ocrx_word' id='word_1_129' title='bbox 1073 1652 1116 1707; x_wconf 90' lang='lat' dir='ltr'><strong>in-</strong></span> 
     </span>
     <span class='ocr_line' id='line_1_17' title="bbox 207 1734 1115 1813; baseline 0.003 -23"><span class='ocrx_word' id='word_1_130' title='bbox 207 1736 312 1791; x_wconf 88' lang='lat' dir='ltr'><strong>stitiam</strong></span> <span class='ocrx_word' id='word_1_131' title='bbox 337 1743 434 1807; x_wconf 84' lang='lat' dir='ltr'><strong>ageret</strong></span> <span class='ocrx_word' id='word_1_132' title='bbox 460 1742 557 1792; x_wconf 85' lang='lat' dir='ltr'><strong>contra</strong></span> <span class='ocrx_word' id='word_1_133' title='bbox 584 1735 664 1790; x_wconf 90' lang='lat' dir='ltr'><strong>illum</strong></span> <span class='ocrx_word' id='word_1_134' title='bbox 694 1735 731 1790; x_wconf 89' lang='lat' dir='ltr'><strong>ad</strong></span> <span class='ocrx_word' id='word_1_135' title='bbox 756 1734 932 1813; x_wconf 80' lang='lat' dir='ltr'><strong>liberandum</strong></span> <span class='ocrx_word' id='word_1_136' title='bbox 962 1737 1115 1808; x_wconf 64' lang='lat' dir='ltr'><strong>hominem</strong></span> 
     </span>
     <span class='ocr_line' id='line_1_18' title="bbox 207 1819 1116 1892; baseline 0.002 -16"><span class='ocrx_word' id='word_1_137' title='bbox 207 1822 256 1876; x_wconf 91' lang='lat' dir='ltr'><strong>sed</strong></span> <span class='ocrx_word' id='word_1_138' title='bbox 274 1821 310 1877; x_wconf 87' lang='lat' dir='ltr'><strong>ab</strong></span> <span class='ocrx_word' id='word_1_139' title='bbox 329 1821 441 1876; x_wconf 90' lang='lat' dir='ltr'><strong>homine</strong></span> <span class='ocrx_word' id='word_1_140' title='bbox 458 1820 538 1876; x_wconf 87' lang='lat' dir='ltr'><strong>Deus</strong></span> <span class='ocrx_word' id='word_1_141' title='bbox 564 1819 707 1892; x_wconf 81' lang='lat' dir='ltr'><strong>exigebat,</strong></span> <span class='ocrx_word' id='word_1_142' title='bbox 733 1826 766 1875; x_wconf 90' lang='lat' dir='ltr'><strong>ut</strong></span> <span class='ocrx_word' id='word_1_143' title='bbox 791 1821 931 1876; x_wconf 87' lang='lat' dir='ltr'><strong>diabolum</strong></span> <span class='ocrx_word' id='word_1_144' title='bbox 947 1823 1071 1878; x_wconf 81' lang='lat' dir='ltr'><strong>vinceret</strong></span> <span class='ocrx_word' id='word_1_145' title='bbox 1087 1828 1116 1878; x_wconf 89' lang='lat' dir='ltr'><strong>et</strong></span> 
     </span>
     <span class='ocr_line' id='line_1_19' title="bbox 207 1903 1116 1979; baseline -0.001 -16"><span class='ocrx_word' id='word_1_146' title='bbox 207 1909 256 1979; x_wconf 91' lang='lat' dir='ltr'><strong>q&#39;ui</strong></span> <span class='ocrx_word' id='word_1_147' title='bbox 273 1925 323 1978; x_wconf 89' lang='lat' dir='ltr'><strong>per</strong></span> <span class='ocrx_word' id='word_1_148' title='bbox 345 1911 493 1978; x_wconf 88' lang='lat' dir='ltr'><strong>peceatum</strong></span> <span class='ocrx_word' id='word_1_149' title='bbox 510 1904 603 1958; x_wconf 90' lang='lat' dir='ltr'><strong>Deum</strong></span> <span class='ocrx_word' id='word_1_150' title='bbox 622 1903 789 1974; x_wconf 85' lang='lat' dir='ltr'><strong>offenderat,</strong></span> <span class='ocrx_word' id='word_1_151' title='bbox 815 1923 866 1976; x_wconf 87' lang='lat' dir='ltr'><strong>per</strong></span> <span class='ocrx_word' id='word_1_152' title='bbox 880 1907 1016 1962; x_wconf 87' lang='lat' dir='ltr'><strong>iustitiam</strong></span> <span class='ocrx_word' id='word_1_153' title='bbox 1035 1906 1116 1962; x_wconf 85' lang='lat' dir='ltr'><strong>satis·</strong></span> 
     </span>
     <span class='ocr_line' id='line_1_20' title="bbox 158 1983 1115 2063; baseline -0.003 -12"><span class='ocrx_word' id='word_1_154' title='bbox 158 1983 299 2051; x_wconf 72' lang='lat' dir='ltr'><strong>telesiae</strong></span> <span class='ocrx_word' id='word_1_155' title='bbox 337 1991 480 2063; x_wconf 85' lang='lat' dir='ltr'><strong>Siquidem</strong></span> <span class='ocrx_word' id='word_1_156' title='bbox 498 1988 610 2044; x_wconf 84' lang='lat' dir='ltr'><strong>diabolo</strong></span> <span class='ocrx_word' id='word_1_157' title='bbox 633 2005 685 2044; x_wconf 88' lang='lat' dir='ltr'><strong>nec</strong></span> <span class='ocrx_word' id='word_1_158' title='bbox 703 1989 781 2045; x_wconf 85' lang='lat' dir='ltr'><strong>Deus</strong></span> <span class='ocrx_word' id='word_1_159' title='bbox 799 1990 907 2062; x_wconf 82' lang='lat' dir='ltr'><strong>aliquid</strong></span> <span class='ocrx_word' id='word_1_160' title='bbox 924 1992 1045 2049; x_wconf 86' lang='lat' dir='ltr'><strong>debebat</strong></span> <span class='ocrx_word' id='word_1_161' title='bbox 1059 1992 1115 2048; x_wconf 86' lang='lat' dir='ltr'><strong>nisi</strong></span> 
     </span>
     <span class='ocr_line' id='line_1_21' title="bbox 97 2073 1115 2152; baseline -0.001 -19"><span class='ocrx_word' id='word_1_162' title='bbox 97 2145 101 2152; x_wconf 33' lang='grc' dir='ltr'>Ι</span> <span class='ocrx_word' id='word_1_163' title='bbox 206 2094 339 2150; x_wconf 85' lang='lat' dir='ltr'><strong>poenam,</strong></span> <span class='ocrx_word' id='word_1_164' title='bbox 363 2093 415 2132; x_wconf 92' lang='lat' dir='ltr'><strong>nec</strong></span> <span class='ocrx_word' id='word_1_165' title='bbox 438 2074 520 2130; x_wconf 89' lang='lat' dir='ltr'><strong>homo</strong></span> <span class='ocrx_word' id='word_1_166' title='bbox 542 2073 597 2129; x_wconf 89' lang='lat' dir='ltr'><strong>nisi</strong></span> <span class='ocrx_word' id='word_1_167' title='bbox 621 2074 726 2146; x_wconf 83' lang='lat' dir='ltr'><strong>vicem,</strong></span> <span class='ocrx_word' id='word_1_168' title='bbox 750 2080 783 2131; x_wconf 91' lang='lat' dir='ltr'><strong>ut</strong></span> <span class='ocrx_word' id='word_1_169' title='bbox 806 2075 909 2132; x_wconf 85' lang='lat' dir='ltr'><strong>abillo</strong></span> <span class='ocrx_word' id='word_1_170' title='bbox 926 2077 1017 2134; x_wconf 83' lang='lat' dir='ltr'><strong>victus</strong></span> <span class='ocrx_word' id='word_1_171' title='bbox 1035 2077 1115 2132; x_wconf 89' lang='lat' dir='ltr'><strong>illum</strong></span> 
     </span>
     <span class='ocr_line' id='line_1_22' title="bbox 206 2159 1116 2233; baseline -0.004 -13"><span class='ocrx_word' id='word_1_172' title='bbox 206 2165 372 2232; x_wconf 73' lang='lat' dir='ltr'><strong>revinceret,</strong></span> <span class='ocrx_word' id='word_1_173' title='bbox 401 2161 451 2218; x_wconf 89' lang='lat' dir='ltr'><strong>sed</strong></span> <span class='ocrx_word' id='word_1_174' title='bbox 477 2160 613 2233; x_wconf 88' lang='lat' dir='ltr'><strong>quidquid</strong></span> <span class='ocrx_word' id='word_1_175' title='bbox 637 2160 675 2216; x_wconf 86' lang='lat' dir='ltr'><strong>ab</strong></span> <span class='ocrx_word' id='word_1_176' title='bbox 701 2161 749 2216; x_wconf 94' lang='lat' dir='ltr'><strong>illo</strong></span> <span class='ocrx_word' id='word_1_177' title='bbox 779 2160 954 2232; x_wconf 80' lang='lat' dir='ltr'><strong>exigebatur,</strong></span> <span class='ocrx_word' id='word_1_178' title='bbox 981 2160 1035 2216; x_wconf 93' lang='lat' dir='ltr'><strong>hoc</strong></span> <span class='ocrx_word' id='word_1_179' title='bbox 1053 2159 1116 2216; x_wconf 88' lang='lat' dir='ltr'><strong>Deo</strong></span> 
     </span>
     <span class='ocr_line' id='line_1_23' title="bbox 208 2247 540 2318; baseline -0.003 -13"><span class='ocrx_word' id='word_1_180' title='bbox 208 2249 329 2318; x_wconf 86' lang='lat' dir='ltr'><strong>debebat</strong></span> <span class='ocrx_word' id='word_1_181' title='bbox 343 2260 401 2303; x_wconf 88' lang='lat' dir='ltr'><strong>non</strong></span> <span class='ocrx_word' id='word_1_182' title='bbox 420 2247 540 2304; x_wconf 85' lang='lat' dir='ltr'><strong>diabolo.</strong></span> 
     </span>
    </p>
   </div>
   <div class='ocr_carea' id='block_1_3' title="bbox 177 2421 1116 2608">
    <p class='ocr_par' dir='ltr' id='par_1_3' title="bbox 177 2421 1116 2608">
     <span class='ocr_line' id='line_1_24' title="bbox 177 2421 1115 2524; baseline 0.003 -21"><span class='ocrx_word' id='word_1_183' title='bbox 177 2453 200 2503; x_wconf 71' lang='lat'><strong>1&#39;</strong></span> <span class='ocrx_word' id='word_1_184' title='bbox 285 2421 356 2507; x_wconf 71' lang='lat'><strong>20·</strong></span> <span class='ocrx_word' id='word_1_185' title='bbox 407 2454 477 2510; x_wconf 75' lang='lat' dir='ltr'><strong>Asse.</strong></span> <span class='ocrx_word' id='word_1_186' title='bbox 513 2451 733 2508; x_wconf 82' lang='lat' dir='ltr'><strong>Misericordiam</strong></span> <span class='ocrx_word' id='word_1_187' title='bbox 749 2469 815 2508; x_wconf 87' lang='lat' dir='ltr'><strong>vero</strong></span> <span class='ocrx_word' id='word_1_188' title='bbox 834 2451 889 2509; x_wconf 92' lang='lat' dir='ltr'><strong>Dei</strong></span> <span class='ocrx_word' id='word_1_189' title='bbox 906 2470 979 2524; x_wconf 88' lang='lat' dir='ltr'><strong>quae</strong></span> <span class='ocrx_word' id='word_1_190' title='bbox 995 2449 1049 2508; x_wconf 89' lang='lat' dir='ltr'><strong>tibi</strong></span> <span class='ocrx_word' id='word_1_191' title='bbox 1067 2468 1115 2523; x_wconf 91' lang='lat' dir='ltr'><strong>pe·</strong></span> 
     </span>
     <span class='ocr_line' id='line_1_25' title="bbox 208 2536 1116 2608; baseline -0.003 -14"><span class='ocrx_word' id='word_1_192' title='bbox 208 2541 263 2594; x_wconf 89' lang='lat' dir='ltr'><strong>rire</strong></span> <span class='ocrx_word' id='word_1_193' title='bbox 284 2539 442 2607; x_wconf 86' lang='lat' dir='ltr'><strong>videbatur,</strong></span> <span class='ocrx_word' id='word_1_194' title='bbox 468 2555 531 2592; x_wconf 90' lang='lat' dir='ltr'><strong>cum</strong></span> <span class='ocrx_word' id='word_1_195' title='bbox 552 2537 688 2593; x_wconf 81' lang='lat' dir='ltr'><strong>iustitiam</strong></span> <span class='ocrx_word' id='word_1_196' title='bbox 706 2536 761 2593; x_wconf 89' lang='lat' dir='ltr'><strong>Dei</strong></span> <span class='ocrx_word' id='word_1_197' title='bbox 783 2543 813 2593; x_wconf 91' lang='lat' dir='ltr'><strong>et</strong></span> <span class='ocrx_word' id='word_1_198' title='bbox 830 2545 978 2608; x_wconf 86' lang='lat' dir='ltr'><strong>peccatum</strong></span> <span class='ocrx_word' id='word_1_199' title='bbox 997 2536 1116 2592; x_wconf 90' lang='lat' dir='ltr'><strong>hominis</strong></span> 
     </span>
    </p>
   </div>
   <div class='ocr_carea' id='block_1_4' title="bbox 175 2621 1117 2950">
    <p class='ocr_par' dir='ltr' id='par_1_4' title="bbox 175 2621 1117 2950">
     <span class='ocr_line' id='line_1_26' title="bbox 208 2621 1115 2696; baseline 0 -20"><span class='ocrx_word' id='word_1_200' title='bbox 208 2621 465 2692; x_wconf 85' lang='lat' dir='ltr'><strong>considerabamus,</strong></span> <span class='ocrx_word' id='word_1_201' title='bbox 490 2628 548 2677; x_wconf 78' lang='lat' dir='ltr'><strong>tam</strong></span> <span class='ocrx_word' id='word_1_202' title='bbox 570 2638 702 2694; x_wconf 83' lang='lat' dir='ltr'><strong>magnam</strong></span> <span class='ocrx_word' id='word_1_203' title='bbox 722 2628 837 2696; x_wconf 85' lang='lat' dir='ltr'><strong>tamquo</strong></span> <span class='ocrx_word' id='word_1_204' title='bbox 858 2622 1022 2679; x_wconf 87' lang='lat' dir='ltr'><strong>concordem</strong></span> <span class='ocrx_word' id='word_1_205' title='bbox 1037 2622 1115 2676; x_wconf 90' lang='lat' dir='ltr'><strong>iusti·</strong></span> 
     </span>
     <span class='ocr_line' id='line_1_27' title="bbox 175 2706 1116 2779; baseline 0.001 -19"><span class='ocrx_word' id='word_1_206' title='bbox 175 2707 265 2762; x_wconf 71' lang='lat' dir='ltr'><strong>ltiee</strong></span> <span class='ocrx_word' id='word_1_207' title='bbox 288 2706 459 2778; x_wconf 86' lang='lat' dir='ltr'><strong>invenimus,</strong></span> <span class='ocrx_word' id='word_1_208' title='bbox 485 2713 518 2762; x_wconf 88' lang='lat' dir='ltr'><strong>ut</strong></span> <span class='ocrx_word' id='word_1_209' title='bbox 541 2723 593 2762; x_wconf 88' lang='lat' dir='ltr'><strong>nec</strong></span> <span class='ocrx_word' id='word_1_210' title='bbox 616 2707 703 2762; x_wconf 87' lang='lat' dir='ltr'><strong>maior</strong></span> <span class='ocrx_word' id='word_1_211' title='bbox 727 2724 780 2763; x_wconf 90' lang='lat' dir='ltr'><strong>neo</strong></span> <span class='ocrx_word' id='word_1_212' title='bbox 800 2707 898 2764; x_wconf 85' lang='lat' dir='ltr'><strong>iustior</strong></span> <span class='ocrx_word' id='word_1_213' title='bbox 918 2707 1035 2779; x_wconf 84' lang='lat' dir='ltr'><strong>cogitari</strong></span> <span class='ocrx_word' id='word_1_214' title='bbox 1051 2724 1116 2777; x_wconf 89' lang='lat' dir='ltr'><strong>pos-</strong></span> 
     </span>
     <span class='ocr_line' id='line_1_28' title="bbox 209 2791 1116 2866; baseline -0.003 -17"><span class='ocrx_word' id='word_1_215' title='bbox 209 2792 253 2850; x_wconf 87' lang='lat' dir='ltr'><strong>sit.</strong></span> <span class='ocrx_word' id='word_1_216' title='bbox 284 2791 392 2863; x_wconf 88' lang='lat' dir='ltr'><strong>Nempe</strong></span> <span class='ocrx_word' id='word_1_217' title='bbox 409 2793 478 2864; x_wconf 89' lang='lat' dir='ltr'><strong>quid</strong></span> <span class='ocrx_word' id='word_1_218' title='bbox 494 2792 697 2850; x_wconf 86' lang='lat' dir='ltr'><strong>misericordius</strong></span> <span class='ocrx_word' id='word_1_219' title='bbox 716 2793 837 2866; x_wconf 84' lang='lat' dir='ltr'><strong>intelligi</strong></span> <span class='ocrx_word' id='word_1_220' title='bbox 854 2794 938 2861; x_wconf 86' lang='lat' dir='ltr'><strong>valet,</strong></span> <span class='ocrx_word' id='word_1_221' title='bbox 956 2808 1040 2864; x_wconf 83' lang='lat' dir='ltr'><strong>quam</strong></span> <span class='ocrx_word' id='word_1_222' title='bbox 1051 2807 1116 2846; x_wconf 90' lang='lat' dir='ltr'><strong>cum</strong></span> 
     </span>
     <span class='ocr_line' id='line_1_29' title="bbox 208 2877 1117 2950; baseline -0.003 -15"><span class='ocrx_word' id='word_1_223' title='bbox 208 2878 350 2950; x_wconf 86' lang='lat' dir='ltr'><strong>peccatori</strong></span> <span class='ocrx_word' id='word_1_224' title='bbox 375 2877 518 2934; x_wconf 80' lang='lat' dir='ltr'><strong>tormentis</strong></span> <span class='ocrx_word' id='word_1_225' title='bbox 544 2879 664 2935; x_wconf 87' lang='lat' dir='ltr'><strong>aeternis</strong></span> <span class='ocrx_word' id='word_1_226' title='bbox 692 2879 823 2937; x_wconf 78' lang='lat' dir='ltr'><strong>damnato</strong></span> <span class='ocrx_word' id='word_1_227' title='bbox 848 2885 877 2934; x_wconf 92' lang='lat' dir='ltr'><strong>et</strong></span> <span class='ocrx_word' id='word_1_228' title='bbox 898 2877 974 2934; x_wconf 90' lang='lat' dir='ltr'><strong>unde</strong></span> <span class='ocrx_word' id='word_1_229' title='bbox 997 2894 1027 2933; x_wconf 89' lang='lat' dir='ltr'><strong>sc</strong></span> <span class='ocrx_word' id='word_1_230' title='bbox 1045 2877 1117 2932; x_wconf 90' lang='lat' dir='ltr'><strong>redi·</strong></span> 
     </span>
    </p>
   </div>
   <div class='ocr_carea' id='block_1_5' title="bbox 207 3064 1117 3418">
    <p class='ocr_par' dir='ltr' id='par_1_5' title="bbox 207 3064 1117 3418">
     <span class='ocr_line' id='line_1_30' title="bbox 209 3064 1115 3148; baseline -0.004 -24"><span class='ocrx_word' id='word_1_231' title='bbox 209 3073 233 3124; x_wconf 85' lang='lat'><strong>2.</strong></span> <span class='ocrx_word' id='word_1_232' title='bbox 250 3065 421 3142; x_wconf 86' lang='lat' dir='ltr'><strong>[„Peccatori</strong></span> <span class='ocrx_word' id='word_1_233' title='bbox 429 3066 508 3148; x_wconf 83' lang='lat' dir='ltr'><strong>Deus</strong></span> <span class='ocrx_word' id='word_1_234' title='bbox 518 3065 603 3148; x_wconf 77' lang='lat' dir='ltr'><strong>Pater</strong></span> <span class='ocrx_word' id='word_1_235' title='bbox 616 3065 699 3148; x_wconf 76' lang='lat' dir='ltr'><strong>dicit:</strong></span> <span class='ocrx_word' id='word_1_236' title='bbox 717 3067 814 3136; x_wconf 62' lang='lat' dir='ltr'><strong>acesim</strong></span> <span class='ocrx_word' id='word_1_237' title='bbox 825 3064 1010 3137; x_wconf 80' lang='lat' dir='ltr'><strong>Unigenitum</strong></span> <span class='ocrx_word' id='word_1_238' title='bbox 1023 3083 1115 3122; x_wconf 89' lang='lat' dir='ltr'><strong>meum</strong></span> 
     </span>
     <span class='ocr_line' id='line_1_31' title="bbox 209 3135 1080 3218; baseline -0.005 -26"><span class='ocrx_word' id='word_1_239' title='bbox 209 3143 237 3192; x_wconf 91' lang='lat' dir='ltr'><strong>et</strong></span> <span class='ocrx_word' id='word_1_240' title='bbox 255 3138 295 3191; x_wconf 81' lang='lat' dir='ltr'><strong>do</strong></span> <span class='ocrx_word' id='word_1_241' title='bbox 314 3153 366 3206; x_wconf 88' lang='lat' dir='ltr'><strong>pro</strong></span> <span class='ocrx_word' id='word_1_242' title='bbox 383 3141 499 3218; x_wconf 30' lang='lat' dir='ltr'><strong>teneti</strong></span> <span class='ocrx_word' id='word_1_243' title='bbox 520 3153 551 3191; x_wconf 87' lang='lat' dir='ltr'><strong>se</strong></span> <span class='ocrx_word' id='word_1_244' title='bbox 568 3135 672 3192; x_wconf 79' lang='lat' dir='ltr'><strong>Frhus:</strong></span> <span class='ocrx_word' id='word_1_245' title='bbox 696 3137 764 3190; x_wconf 82' lang='lat' dir='ltr'><strong>tolle</strong></span> <span class='ocrx_word' id='word_1_246' title='bbox 781 3152 825 3190; x_wconf 90' lang='lat' dir='ltr'><strong>me</strong></span> <span class='ocrx_word' id='word_1_247' title='bbox 843 3136 996 3216; x_wconf 57' lang='lat' dir='ltr'><strong>etseda&#39;me</strong></span> <span class='ocrx_word' id='word_1_248' title='bbox 1015 3135 1080 3191; x_wconf 85' lang='lat' dir='ltr'><strong>te“.</strong></span> 
     </span>
     <span class='ocr_line' id='line_1_32' title="bbox 281 3155 1116 3289; baseline -0.006 -27"><span class='ocrx_word' id='word_1_249' title='bbox 281 3207 307 3274; x_wconf 88' lang='lat'><strong>1)</strong></span> <span class='ocrx_word' id='word_1_250' title='bbox 333 3195 390 3262; x_wconf 80' lang='lat' dir='ltr'><strong>cfr.</strong></span> <span class='ocrx_word' id='word_1_251' title='bbox 410 3155 567 3262; x_wconf 55' lang='lat' dir='ltr'><strong>labdo.</strong></span> <span class='ocrx_word' id='word_1_252' title='bbox 588 3209 629 3276; x_wconf 87' lang='lat'><strong>18,</strong></span> <span class='ocrx_word' id='word_1_253' title='bbox 656 3209 690 3289; x_wconf 76' lang='lat'><strong>:²³</strong></span> <span class='ocrx_word' id='word_1_254' title='bbox 716 3210 746 3260; x_wconf 87' lang='lat' dir='ltr'><strong>et</strong></span> <span class='ocrx_word' id='word_1_255' title='bbox 771 3220 843 3286; x_wconf 70' lang='lat' dir='ltr'><strong>quse</strong></span> <span class='ocrx_word' id='word_1_256' title='bbox 871 3203 913 3260; x_wconf 79' lang='lat' dir='ltr'><strong>rbi</strong></span> <span class='ocrx_word' id='word_1_257' title='bbox 938 3202 1029 3285; x_wconf 42' lang='lat' dir='ltr'><strong>ers..</strong></span> <span class='ocrx_word' id='word_1_258' title='bbox 1080 3242 1116 3283; x_wconf 39' lang='grc' dir='ltr'><strong>ι.</strong></span> 
     </span>
     <span class='ocr_line' id='line_1_33' title="bbox 266 3279 1117 3332; baseline -0.001 -3"><span class='ocrx_word' id='word_1_259' title='bbox 266 3281 470 3331; x_wconf 74' lang='lat' dir='ltr'><strong>oteono</strong></span> <span class='ocrx_word' id='word_1_260' title='bbox 548 3279 816 3330; x_wconf 82' lang='lat' dir='ltr'><strong>tc..ar1.</strong></span> <span class='ocrx_word' id='word_1_261' title='bbox 990 3288 1117 3332; x_wconf 85' lang='lat' dir='ltr'><strong>enro-</strong></span> 
     </span>
     <span class='ocr_line' id='line_1_34' title="bbox 207 3271 1078 3402; baseline -0.003 -72"><span class='ocrx_word' id='word_1_262' title='bbox 207 3273 549 3402; x_wconf 47' lang='lat' dir='ltr'><strong>hah·dm3neffga</strong></span> <span class='ocrx_word' id='word_1_263' title='bbox 643 3273 685 3329; x_wconf 89' lang='lat' dir='ltr'><strong>hb</strong></span> <span class='ocrx_word' id='word_1_264' title='bbox 751 3272 808 3328; x_wconf 81' lang='lat' dir='ltr'><strong>bn</strong></span> <span class='ocrx_word' id='word_1_265' title='bbox 845 3271 990 3330; x_wconf 69' lang='lat' dir='ltr'><strong>eandm</strong></span> <span class='ocrx_word' id='word_1_266' title='bbox 1058 3271 1078 3327; x_wconf 94' lang='lat' dir='ltr'>b</span> 
     </span>
     <span class='ocr_line' id='line_1_35' title="bbox 207 3359 499 3418; baseline 0.014 -20"><span class='ocrx_word' id='word_1_267' title='bbox 207 3359 278 3418; x_wconf 82' lang='lat' dir='ltr'><strong>grsp</strong></span> <span class='ocrx_word' id='word_1_268' title='bbox 298 3359 326 3398; x_wconf 82' lang='lat' dir='ltr'><strong>re</strong></span> <span class='ocrx_word' id='word_1_269' title='bbox 481 3363 499 3402; x_wconf 88' lang='lat' dir='ltr'><strong>a</strong></span> 
     </span>
    </p>
   </div>
   <div class='ocr_carea' id='block_1_6' title="bbox 0 0 1320 3810">
    <p class='ocr_par' dir='ltr' id='par_1_6' title="bbox 0 0 1320 3810">
     <span class='ocr_line' id='line_1_36' title="bbox 0 0 1320 3810; baseline 0 0"><span class='ocrx_word' id='word_1_270' title='bbox 0 0 1320 3810; x_wconf 95' lang='lat' dir='ltr'><strong> </strong></span> 
     </span>
    </p>
   </div>
  </div>
 </body>
</html>
