2628 3810
220 299 261 365 56
401 300 429 356 s.
446 297 621 358 ANSELMI
640 283 946 357 carrusamusrs

169 470 202 522 10
219 471 319 528 facere.
329 473 350 537 ¹)
384 468 423 526 Et
448 486 512 525 eum
544 471 661 526 dicimus
685 469 778 524 Deum
803 469 911 541 aliquid
933 467 1027 525 facere
1049 469 1137 540 quasi

220 556 388 612 necessitate
405 557 513 612 vitami
532 557 734 612 inhonestatem
752 573 837 626 quam
853 555 950 627 utique
967 573 1023 610 non
1040 554 1131 616 timet,

202 707 204 713 y
220 642 313 712 potius
330 640 544 714 intelligendum
563 648 619 708 est,
643 642 710 715 quia
734 640 786 696 hoc
803 641 872 696 facit
891 641 1057 696 necessitate
1074 657 1130 694 ser-

219 722 328 784 vandae
345 728 509 800 honestatis,
534 746 606 801 quae
630 727 735 790 scilicet
751 726 903 781 necessitas
920 745 976 782 non
993 732 1036 782 est
1052 725 1130 780 aliud

219 829 304 884 quam
327 813 537 869 immutabilitas
563 813 714 869 honestatis
738 811 809 880 eius,
827 819 919 882 'quam
937 829 955 867 a
973 831 1004 868 se
1021 813 1083 883 ipso
1101 815 1130 866 et

219 917 276 954 non
293 901 329 956 ab
347 900 403 955 alio
423 899 521 969 habet3
549 905 577 954 et
602 899 706 953 idcirco
723 895 873 967 improprie
890 897 993 952 dicitur
1010 897 1129 952 necessi·

170 979 200 1030 11
220 991 271 1040 tas.
305 983 439 1039 Dicamus
461 987 568 1052 tamen,
594 983 663 1054 quia
680 999 793 1038 necesse
811 987 866 1050 est,
891 989 923 1037 ut
946 982 1057 1037 bonitas
1075 983 1129 1040 Dei

219 1075 333 1140 propter
356 1068 610 1124 immutabilitatem
635 1085 715 1122 suam
730 1066 856 1138 perficiat
874 1066 909 1124 de
927 1068 1038 1124 homine
1055 1069 1130 1140 quod

220 1153 339 1224 incepit,
369 1153 495 1224 quamvis
522 1159 613 1208 totum
640 1154 676 1208 sit
701 1153 792 1226 gratia
819 1153 933 1209 bonum
950 1155 1025 1224 quod
1051 1154 1129 1208 facit

221 1239 290 1292 Boe.
308 1236 447 1294 Concedo.

188 1388 214 1456 1
299 1375 341 1463 11.
392 1409 462 1465 Aac.
480 1411 543 1466 Hoc
560 1418 653 1466 autem
661 1411 838 1483 fierinequit,
855 1411 909 1464 nisi
922 1411 958 1466 sit
971 1411 1020 1481 qui
1040 1410 1130 1463 solvat

149 1525 162 1567 ἶ
221 1493 283 1552 Deo
310 1514 361 1567 pro
387 1503 502 1567 peccato
525 1497 643 1552 hominis
660 1495 778 1567 ‘aliquid
804 1496 909 1564 maius,
939 1510 1024 1565 quam
1049 1509 1131 1546 omne

158 1574 297 1652 ·2qu0d
314 1589 425 1652 praeter
443 1583 536 1638 Deum
551 1590 600 1640 est.
636 1585 705 1638 Bos.
734 1581 780 1636 Ita
796 1587 913 1636 constat.
948 1581 1018 1633 Aac.
1046 1577 1131 1632 Illum

222 1685 349 1739 quoque,
382 1667 431 1738 qui
459 1669 495 1723 de
519 1687 570 1724 sno
596 1667 699 1741 poterit
723 1667 785 1724 Deo
814 1667 881 1722 dare
907 1665 1028 1736 aliquid,
1057 1663 1132 1734 quod

157 1783 159 1794 ι
222 1760 334 1824 superet
350 1770 432 1809 omne
452 1753 527 1824 quod
550 1755 602 1810 sub
619 1755 682 1812 Deo
700 1760 755 1823 est,
784 1752 915 1808 maiorem
941 1767 1000 1806 esse
1017 1764 1132 1804 necesse

203 1846 273 1910 ¹cst,
297 1855 381 1910 quam
400 1851 480 1894 omne
499 1840 575 1910 quod
591 1831 647 1894 non
670 1843 713 1894 est
731 1838 817 1894 Dens.
853 1841 921 1894 Bos.
952 1835 1067 1907 Nequeo
1084 1849 1133 1888 ne·

188 1923 298 1994 igere.
333 1924 403 1976 Aac.
440 1921 517 1980 Nihil
545 1931 639 1980 auam
666 1931 708 1979 est
734 1926 818 1994 supra
845 1939 926 1978 omne
957 1920 1032 1991 quod
1054 1919 1132 1975 Deus

187 2008 278 2063 4non
295 2011 349 2077 est,
375 1999 432 2062 nisi
443 2009 529 2064 Deus.
564 2011 635 2062 Bos.
670 2011 776 2067 Verum
794 2014 844 2066 est.
878 2009 948 2061 Aac.
983 2006 1047 2062 Non
1066 2021 1145 2076 ergo.

222 2098 315 2164 potest
333 2091 405 2148 hanc
430 2093 649 2152 satisfactionem
672 2095 765 2152 facere
782 2095 837 2149 nisi
858 2093 944 2148 Deus.
980 2093 1049 2148 Boc.
1087 2090 1133 2146 Sic

224 2179 357 2250 sequitur.
392 2181 461 2234 Aac.
496 2179 552 2237 sed
576 2199 629 2237 nee
649 2181 742 2237 facere
763 2181 842 2236 illam
864 2179 948 2235 debet
964 2177 1025 2232 'nisi
1042 2177 1133 2246 homo,

146 2336 152 2357 ¹
224 2265 349 2337 alioquin
365 2283 422 2320 non
441 2265 577 2321 satisfacit
595 2266 685 2323 homo.
720 2271 788 2322 Boe.
814 2266 879 2323 Non
898 2266 1009 2320 videtur
1022 2232 1134 2334 iniquia

190 2351 330 2406 diustius.
364 2353 433 2406 Aac.
465 2352 495 2408 Si
510 2369 592 2424 ergo,
616 2353 688 2407 sicut
705 2358 830 2421 constat,
854 2367 967 2406 necesse
986 2354 1028 2405 est
1046 2352 1079 2402 ut
1098 2346 1134 2400 de

223 2436 380 2493 hominibus
404 2436 565 2507 perficiatur
590 2435 639 2492 illa
657 2454 779 2509 superna
795 2437 907 2506 civitas,
931 2451 984 2490 nec
1001 2434 1053 2488 hoc
1072 2447 1133 2485 esse

224 2523 300 2577 valet
328 2522 382 2576 nisi
407 2521 457 2578 fiat
481 2521 627 2592 praedicta
652 2524 820 2590 satisfactio,
851 2539 936 2594 quam
965 2537 1016 2574 nec
1041 2521 1134 2599 potest

48 2640 64 2678 s
85 2629 97 2670 s
223 2605 317 2662 facere
339 2607 395 2662 nisi
412 2607 489 2663 Deus
513 2625 565 2664 uec
592 2608 675 2664 debet
696 2609 751 2663 nisi
770 2610 867 2678 h0m03
889 2621 1002 2662 necesse
1021 2593 1091 2671 ests
1102 2609 1135 2658 nt

190 2695 286 2749 deam
314 2691 401 2747 faciat
430 2693 509 2748 Deus
536 2679 635 2749 homa
666 2698 736 2750 Boc.
769 2695 938 2750 Benedictus
960 2689 1052 2746 Deus!
1078 2689 1135 2744 iam

225 2796 358 2850 magnum
384 2779 518 2850 quiddam
544 2778 700 2834 invenimus
725 2781 760 2836 de
783 2781 837 2836 hoe
859 2779 936 2850 quod
962 2774 1136 2847 quaerimus3

225 2881 391 2936 prosequere
410 2863 508 2936 igitur,
534 2870 567 2920 ut
585 2865 721 2939 incepisti.
757 2865 844 2938 Spero
861 2864 948 2932 enim,
972 2860 1039 2934 quia
1057 2861 1135 2918 Deus

224 2969 275 3006 nos
294 2949 443 3006 adiuvabit

297 3159 321 3224 1)
338 3155 409 3222 'Cin
437 3155 464 3212 S.
495 3155 622 3216 Anselmi
651 3155 738 3218 Liber
766 3153 994 3234 Meditotioaoca.
1022 3151 1136 3232 rec3A.

196 3287 203 3310 *v
224 3221 1137 3389 ffatimtissisrutaflbitisstttattq

95 3385 99 3394 ·
224 3379 339 3419 necesse
356 3370 400 3419 est
417 3379 495 3435 esse3
513 3369 542 3418 et
558 3361 633 3434 quod
651 3377 706 3416 non
727 3359 795 3425 vult,
812 3360 983 3432 impossibile
997 3366 1040 3416 est
1050 3359 1128 3414 esse‘
