2628 3810
145 279 147 286 ’
219 295 307 396 ,34ἱ
407 297 434 354 s.
454 297 624 380 suenum
642 297 948 380 musumrnusss

220 471 360 540 Quoniam
381 469 552 526 voluntatem
574 467 724 524 benessio
747 485 792 524 me
814 483 929 542 gerere,
955 470 1030 542 quod
1052 469 1128 541 petis

201 553 279 626 'non
297 557 419 628 denego;
445 553 495 612 sed
518 552 584 626 quis
602 552 755 610 destituis
772 554 894 612 incertus
914 573 989 624 sum,
1011 555 1127 626 promit·

172 650 206 703 35
222 649 281 700 tere
305 660 362 700 non
386 640 477 698 audeo
501 640 550 696 sed
576 638 632 694 Dei
656 637 830 708 dispositioni
855 637 1029 702 commistos)
1069 639 1127 697 Sed

223 731 269 786 diu
294 745 381 796 nuno,
405 725 475 798 quid
504 724 558 781 tibi
586 724 623 780 de
647 723 810 796 quaestione
835 743 919 796 quum
943 724 973 780 in
989 724 1129 796 principio

222 813 404 888 proposuisti,
425 801 546 883 'proptor
575 825 658 881 quem
686 807 758 866 alise
774 809 878 868 multuo
897 827 927 866 se
942 810 1125 882 ingesserunt,

171 901 206 955 33
222 900 435 974 persolvendum
457 896 593 952 videntur.
629 898 697 950 Bos.
733 894 847 951 Summa
870 896 1039 967 quaestionis
1063 896 1127 966 fuit,

222 1001 272 1040 eon
290 985 368 1040 Deus
384 981 466 1038 homo
485 979 575 1036 fuctus
593 979 642 1050 sit,
659 985 692 1036 ut
708 997 759 1051 per
777 986 892 1036 mortem
912 998 989 1038 susm
1007 981 1129 1038 sulvuret

221 1069 374 1136 hominem,
397 1083 461 1122 oum
483 1063 537 1123 hoe
561 1064 616 1120 elio
642 1067 724 1120 modo
741 1065 865 1137 potuisse
881 1066 973 1122 fecere
990 1067 1127 1132 videntur.

171 1154 204 1208 37
221 1153 269 1215 Ad
287 1169 371 1224 quum
389 1158 422 1208 tu
440 1150 534 1206 multis
560 1154 589 1205 et
604 1151 768 1206 necessariis
784 1149 937 1207 rationibus
954 1152 1127 1222 respondens

222 1237 367 1294 ostendisti
406 1235 635 1294 restaurationem
657 1236 804 1292 bumunse
839 1242 958 1292 naturae
988 1254 1044 1294 non
1077 1238 1154 1292 de-'

220 1323 315 1388 brisso
336 1339 477 1380 remanere
500 1339 552 1382 nee
575 1324 699 1394 potuisse
725 1323 797 1393 fieri,
823 1321 878 1378 nisi
901 1322 1020 1378 solveret
1042 1321 1125 1378 homo

221 1409 297 1482 quod
318 1426 370 1481 pro
392 1415 507 1480 pooosto
527 1409 590 1465 Deo
615 1407 748 1487 debebut3
774 1409 850 1480 quod
871 1407 997 1464 debitum
1015 1413 1127 1464 mutum

222 1501 295 1565 eret,
314 1501 346 1552 ut
363 1495 447 1564 illud,
465 1512 529 1550 oum
546 1512 602 1550 non
619 1493 733 1549 deberet
750 1492 857 1548 solvere
873 1493 927 1548 nisi
946 1493 1041 1563 homo,
1067 1511 1125 1550 nou

222 1588 316 1652 posset
339 1581 394 1636 nisi
410 1579 504 1649 Deus3
528 1579 568 1636 ite
589 1586 622 1636 ut
643 1579 718 1634 idem
735 1585 808 1634 esset
825 1578 908 1637 homo
927 1579 975 1650 qui
994 1585 1023 1634 et
1037 1579 1126 1634 Deus.

172 1671 205 1724 38
221 1667 305 1726 Unde
326 1682 440 1724 neeesse
462 1671 521 1720 eret
544 1671 576 1723 ut
592 1664 670 1720 Deus
692 1670 846 1720 assumeret
863 1663 1003 1744 hominem
1019 1664 1049 1718 in
1064 1665 1126 1720 uni-

142 1769 146 1782 ’
221 1757 307 1808 tutem
324 1767 472 1824 personae,
498 1757 634 1821 quotenus
651 1749 700 1822 qui
717 1749 748 1802 iu
763 1756 864 1804 nuurru
880 1749 986 1804 solvere
1004 1750 1128 1806 debebat

171 1845 205 1897 39
223 1841 251 1892 et
269 1853 325 1892 non
348 1840 472 1905 poterut,
493 1834 523 1888 in
544 1851 664 1905 persone
681 1838 755 1890 esset
772 1851 844 1904 quee
859 1840 961 1904 posset.
996 1835 1128 1908 Denique

222 1920 289 1990 quis
312 1921 347 1975 de
364 1919 481 1990 Virgine
506 1927 533 1974 et
557 1935 575 1973 e
596 1934 715 1989 persone
732 1919 796 1974 Filii
813 1919 868 1974 Dei
893 1927 967 1976 esset
985 1938 1126 1979 assumen-

223 2005 275 2058 dus
297 2003 379 2059 homo
401 2003 463 2073 ille,
487 2003 536 2074 qui
559 2003 637 2058 Deus
663 2011 751 2073 esset3
777 2010 805 2060 et
825 2004 962 2074 quomodo
985 2007 1044 2063 sine
1061 2025 1126 2080 peo-

221 2094 285 2144 osto
311 2090 346 2145 de
373 2105 465 2144 messe
489 2089 647 2160 peccatrice
672 2088 776 2144 assumi
792 2087 929 2160 potuerit,
957 2092 1127 2150 monstrasti.

169 2182 205 2235 40
221 2173 317 2232 Vitem
344 2179 436 2233 autem
459 2173 541 2230 huius
566 2174 685 2230 hominis
710 2181 768 2232 tem
787 2175 933 2232 sublimem
949 2183 1006 2232 tem
1023 2177 1127 2248 pretio-

222 2278 281 2316 sum
305 2260 476 2332 apertissime
499 2261 637 2332 probasti,
661 2267 694 2315 ut
716 2260 843 2318 sufficere
858 2263 947 2332 possit
964 2263 1000 2318 ud
1017 2264 1126 2320 solven-

222 2347 289 2402 dum
315 2345 391 2417 quod
414 2364 465 2418 pro
490 2346 612 2417 peccetis
635 2346 720 2402 totius
742 2346 839 2402 mundi
862 2347 990 2418 debetur,
1014 2355 1043 2404 et
1060 2349 1125 2420 plus

221 2433 251 2490 in
268 2431 414 2488 infinitum.
451 2431 550 2488 Restat
567 2448 634 2505 ergo
657 2443 732 2488 nuno
750 2434 903 2504 ostendere,
923 2435 1060 2505 quomodo
1075 2433 1127 2490 ille

220 2517 342 2572 solvetur
358 2517 421 2574 Deo
438 2535 489 2588 pro
506 2518 629 2588 poscatis
646 2517 796 2574 hominum.

293 2894 317 2959 1)
341 2888 512 2946 Retractevit
534 2892 606 2946 buno
630 2893 774 2948 materiam
798 2891 826 2950 S.
843 2892 991 2947 Anselmus
1010 2892 1125 2950 biennio

219 2961 306 3017 ferme
322 2964 387 3032 posi
404 2959 434 3014 in
450 2959 530 3030 libro,
548 2978 630 3043 quem
648 2966 701 3032 „de
718 2971 851 3031 eorseeptu
866 2961 1004 3042 supinati
1023 2971 1049 3017 et
1067 2966 1123 3018 ori-

102 3039 104 3046 '
219 3031 314 3099 pionii
324 3035 458 3152 ‘recente‘
482 3029 645 3101 insumptum
671 3032 708 3086 nd
729 3031 865 3086 Bosonem
887 3030 986 3085 direxit
1005 3031 1123 3099 (Gerbe—

219 3117 274 3153 rors
294 3098 322 3153 fo
337 3141 343 3154 .
360 3105 392 3154 97
415 3099 479 3170 sq.)‚
505 3105 534 3155 et
577 3100 671 3155 uidem
700 3101 740 3154 ite
789 3105 820 3153 ut
846 3099 938 3154 Deum
964 3100 1125 3156 monstrarit

219 3168 303 3223 etiem
327 3167 361 3223 de
384 3165 558 3248 peccatricis
595 3168 692 3240 irginis
715 3139 882 3237 substantia,
909 3170 1040 3240 quonium
1057 3188 1122 3224 nus·

175 3265 178 3272 ·
220 3251 303 3308 quam
328 3238 414 3292 sitm
436 3237 552 3293 hominis
577 3244 678 3292 ustura
700 3244 809 3317 praeter
833 3238 1006 3292 voluntatem
1023 3255 1123 3310 peccu-

219 3313 287 3374 tum‚
303 3305 408 3386 prolem
427 3307 556 3362 debuisse
574 3307 760 3375 iustem‚1mo
780 3323 837 3360 non
854 3307 907 3362 nisi
926 3307 1040 3379 iustum,
1058 3324 1124 3378 pro-

218 3381 368 3447 pagatione
385 3392 440 3432 non
458 3377 579 3432 naturali
595 3377 756 3448 producere.
