<?xml version="1.0" encoding="UTF-8"?>
<!DOCTYPE html PUBLIC "-//W3C//DTD XHTML 1.0 Transitional//EN"
    "http://www.w3.org/TR/xhtml1/DTD/xhtml1-transitional.dtd">
<html xmlns="http://www.w3.org/1999/xhtml" xml:lang="en" lang="en">
 <head>
  <title>
</title>
<meta http-equiv="Content-Type" content="text/html;charset=utf-8" />
  <meta name='ocr-system' content='tesseract 3.04.00' />
  <meta name='ocr-capabilities' content='ocr_page ocr_carea ocr_par ocr_line ocrx_word'/>
</head>
<body>
  <div class='ocr_page' id='page_1' title='image "./sanselmicantuar00laemgoog_0087.png"; bbox 0 0 2628 3810; ppageno 0'>
   <div class='ocr_carea' id='block_1_1' title="bbox 196 271 917 340">
    <p class='ocr_par' dir='ltr' id='par_1_1' title="bbox 196 271 917 340">
     <span class='ocr_line' id='line_1_1' title="bbox 196 271 917 340; baseline 0.006 -11"><span class='ocrx_word' id='word_1_1' title='bbox 196 272 239 340; x_wconf 69' lang='lat'><strong>62</strong></span> <span class='ocrx_word' id='word_1_2' title='bbox 375 273 403 330; x_wconf 83' lang='lat' dir='ltr'><strong>S.</strong></span> <span class='ocrx_word' id='word_1_3' title='bbox 423 271 594 331; x_wconf 70' lang='lat' dir='ltr'><strong>Ausum</strong></span> <span class='ocrx_word' id='word_1_4' title='bbox 609 273 917 332; x_wconf 75' lang='lat' dir='ltr'><strong>uANTUARmNsls</strong></span> 
     </span>
    </p>
   </div>
   <div class='ocr_carea' id='block_1_2' title="bbox 156 443 1104 3164">
    <p class='ocr_par' dir='ltr' id='par_1_2' title="bbox 156 443 1104 3164">
     <span class='ocr_line' id='line_1_2' title="bbox 193 443 1103 515; baseline 0.001 -17"><span class='ocrx_word' id='word_1_5' title='bbox 193 447 252 512; x_wconf 82' lang='lat' dir='ltr'><strong>tur,</strong></span> <span class='ocrx_word' id='word_1_6' title='bbox 277 460 334 498; x_wconf 82' lang='lat' dir='ltr'><strong>non</strong></span> <span class='ocrx_word' id='word_1_7' title='bbox 359 443 529 515; x_wconf 69' lang='lat' dir='ltr'><strong>investigere</strong></span> <span class='ocrx_word' id='word_1_8' title='bbox 545 444 694 514; x_wconf 76' lang='lat' dir='ltr'><strong>debemus3</strong></span> <span class='ocrx_word' id='word_1_9' title='bbox 721 443 771 498; x_wconf 86' lang='lat' dir='ltr'><strong>sed</strong></span> <span class='ocrx_word' id='word_1_10' title='bbox 794 445 818 498; x_wconf 79' lang='lat' dir='ltr'><strong>ei</strong></span> <span class='ocrx_word' id='word_1_11' title='bbox 839 443 933 498; x_wconf 80' lang='lat' dir='ltr'><strong>Adam</strong></span> <span class='ocrx_word' id='word_1_12' title='bbox 953 443 1103 499; x_wconf 69' lang='lat' dir='ltr'><strong>montium</strong></span> 
     </span>
     <span class='ocr_line' id='line_1_3' title="bbox 193 529 1103 602; baseline 0.002 -20"><span class='ocrx_word' id='word_1_13' title='bbox 193 544 250 582; x_wconf 86' lang='lat' dir='ltr'><strong>non</strong></span> <span class='ocrx_word' id='word_1_14' title='bbox 267 534 335 597; x_wconf 74' lang='lat' dir='ltr'><strong>enat,</strong></span> <span class='ocrx_word' id='word_1_15' title='bbox 356 529 380 584; x_wconf 91' lang='lat' dir='ltr'><strong>si</strong></span> <span class='ocrx_word' id='word_1_16' title='bbox 398 547 456 586; x_wconf 82' lang='lat' dir='ltr'><strong>uon</strong></span> <span class='ocrx_word' id='word_1_17' title='bbox 472 537 624 602; x_wconf 76' lang='lat' dir='ltr'><strong>peccasset,</strong></span> <span class='ocrx_word' id='word_1_18' title='bbox 644 529 731 584; x_wconf 84' lang='lat' dir='ltr'><strong>multo</strong></span> <span class='ocrx_word' id='word_1_19' title='bbox 748 530 838 600; x_wconf 68' lang='lat' dir='ltr'><strong>megin</strong></span> <span class='ocrx_word' id='word_1_20' title='bbox 848 529 902 586; x_wconf 84' lang='lat' dir='ltr'><strong>iste</strong></span> <span class='ocrx_word' id='word_1_21' title='bbox 916 534 1032 584; x_wconf 82' lang='lat' dir='ltr'><strong>mortem</strong></span> <span class='ocrx_word' id='word_1_22' title='bbox 1043 531 1103 602; x_wconf 79' lang='lat' dir='ltr'><strong>peti</strong></span> 
     </span>
     <span class='ocr_line' id='line_1_4' title="bbox 193 613 1104 687; baseline 0.003 -19"><span class='ocrx_word' id='word_1_23' title='bbox 193 629 250 668; x_wconf 86' lang='lat' dir='ltr'><strong>non</strong></span> <span class='ocrx_word' id='word_1_24' title='bbox 273 613 402 684; x_wconf 87' lang='lat' dir='ltr'><strong>debebit,</strong></span> <span class='ocrx_word' id='word_1_25' title='bbox 428 615 457 669; x_wconf 88' lang='lat' dir='ltr'><strong>in</strong></span> <span class='ocrx_word' id='word_1_26' title='bbox 481 631 536 687; x_wconf 88' lang='lat' dir='ltr'><strong>qno</strong></span> <span class='ocrx_word' id='word_1_27' title='bbox 561 621 709 686; x_wconf 75' lang='lat' dir='ltr'><strong>peceatum</strong></span> <span class='ocrx_word' id='word_1_28' title='bbox 734 631 873 670; x_wconf 83' lang='lat' dir='ltr'><strong>essenon</strong></span> <span class='ocrx_word' id='word_1_29' title='bbox 895 615 1010 686; x_wconf 83' lang='lat' dir='ltr'><strong>poterit,</strong></span> <span class='ocrx_word' id='word_1_30' title='bbox 1037 621 1104 687; x_wconf 78' lang='lat' dir='ltr'><strong>quis</strong></span> 
     </span>
     <span class='ocr_line' id='line_1_5' title="bbox 158 696 1103 771; baseline 0.003 -18"><span class='ocrx_word' id='word_1_31' title='bbox 158 696 271 754; x_wconf 81' lang='lat' dir='ltr'><strong>2Deus</strong></span> <span class='ocrx_word' id='word_1_32' title='bbox 287 699 349 756; x_wconf 77' lang='lat' dir='ltr'><strong>erit</strong></span> <span class='ocrx_word' id='word_1_33' title='bbox 384 702 454 756; x_wconf 80' lang='lat' dir='ltr'><strong>Bos.</strong></span> <span class='ocrx_word' id='word_1_34' title='bbox 491 700 526 754; x_wconf 88' lang='lat' dir='ltr'><strong>In</strong></span> <span class='ocrx_word' id='word_1_35' title='bbox 542 700 596 755; x_wconf 84' lang='lat' dir='ltr'><strong>hoe</strong></span> <span class='ocrx_word' id='word_1_36' title='bbox 619 699 683 754; x_wconf 86' lang='lat' dir='ltr'><strong>volo</strong></span> <span class='ocrx_word' id='word_1_37' title='bbox 706 706 738 756; x_wconf 89' lang='lat' dir='ltr'><strong>te</strong></span> <span class='ocrx_word' id='word_1_38' title='bbox 760 699 965 770; x_wconf 70' lang='lat' dir='ltr'><strong>aliquantulum</strong></span> <span class='ocrx_word' id='word_1_39' title='bbox 983 701 1103 771; x_wconf 72' lang='lat' dir='ltr'><strong>moreni3</strong></span> 
     </span>
     <span class='ocr_line' id='line_1_6' title="bbox 192 783 1103 856; baseline 0.004 -18"><span class='ocrx_word' id='word_1_40' title='bbox 192 783 252 840; x_wconf 85' lang='lat' dir='ltr'><strong>sive</strong></span> <span class='ocrx_word' id='word_1_41' title='bbox 270 785 345 840; x_wconf 83' lang='lat' dir='ltr'><strong>enim</strong></span> <span class='ocrx_word' id='word_1_42' title='bbox 363 785 473 842; x_wconf 79' lang='lat' dir='ltr'><strong>dicetur</strong></span> <span class='ocrx_word' id='word_1_43' title='bbox 490 803 572 856; x_wconf 81' lang='lat' dir='ltr'><strong>posse</strong></span> <span class='ocrx_word' id='word_1_44' title='bbox 590 787 648 840; x_wconf 82' lang='lat' dir='ltr'><strong>sive</strong></span> <span class='ocrx_word' id='word_1_45' title='bbox 666 801 723 839; x_wconf 84' lang='lat' dir='ltr'><strong>nen</strong></span> <span class='ocrx_word' id='word_1_46' title='bbox 741 801 823 854; x_wconf 86' lang='lat' dir='ltr'><strong>posse</strong></span> <span class='ocrx_word' id='word_1_47' title='bbox 842 801 967 856; x_wconf 78' lang='lat' dir='ltr'><strong>peceare,</strong></span> <span class='ocrx_word' id='word_1_48' title='bbox 988 787 1103 842; x_wconf 72' lang='lat' dir='ltr'><strong>inuno·</strong></span> 
     </span>
     <span class='ocr_line' id='line_1_7' title="bbox 158 869 1103 942; baseline 0.007 -22"><span class='ocrx_word' id='word_1_49' title='bbox 158 869 248 940; x_wconf 63' lang='lat' dir='ltr'><strong>aque</strong></span> <span class='ocrx_word' id='word_1_50' title='bbox 272 871 341 926; x_wconf 83' lang='lat' dir='ltr'><strong>mihi</strong></span> <span class='ocrx_word' id='word_1_51' title='bbox 365 889 423 926; x_wconf 85' lang='lat' dir='ltr'><strong>non</strong></span> <span class='ocrx_word' id='word_1_52' title='bbox 445 888 534 942; x_wconf 73' lang='lat' dir='ltr'>parva</span> <span class='ocrx_word' id='word_1_53' title='bbox 563 870 688 925; x_wconf 75' lang='lat' dir='ltr'><strong>nescitur</strong></span> <span class='ocrx_word' id='word_1_54' title='bbox 714 870 848 941; x_wconf 70' lang='lat' dir='ltr'><strong>quaesiit).</strong></span> <span class='ocrx_word' id='word_1_55' title='bbox 894 871 967 927; x_wconf 73' lang='lat' dir='ltr'><strong>Nam</strong></span> <span class='ocrx_word' id='word_1_56' title='bbox 995 873 1020 927; x_wconf 86' lang='lat' dir='ltr'><strong>si</strong></span> <span class='ocrx_word' id='word_1_57' title='bbox 1046 891 1103 928; x_wconf 79' lang='lat' dir='ltr'><strong>noe</strong></span> 
     </span>
     <span class='ocr_line' id='line_1_8' title="bbox 191 955 1104 1028; baseline 0 -16"><span class='ocrx_word' id='word_1_58' title='bbox 191 971 275 1025; x_wconf 78' lang='lat' dir='ltr'><strong>posse</strong></span> <span class='ocrx_word' id='word_1_59' title='bbox 290 972 409 1026; x_wconf 72' lang='lat' dir='ltr'><strong>pectem</strong></span> <span class='ocrx_word' id='word_1_60' title='bbox 426 957 541 1028; x_wconf 85' lang='lat' dir='ltr'><strong>dieitur,</strong></span> <span class='ocrx_word' id='word_1_61' title='bbox 565 957 681 1013; x_wconf 77' lang='lat' dir='ltr'><strong>difficile</strong></span> <span class='ocrx_word' id='word_1_62' title='bbox 699 956 777 1011; x_wconf 76' lang='lat' dir='ltr'><strong>credi</strong></span> <span class='ocrx_word' id='word_1_63' title='bbox 797 955 899 1011; x_wconf 85' lang='lat' dir='ltr'><strong>debere</strong></span> <span class='ocrx_word' id='word_1_64' title='bbox 918 955 1028 1012; x_wconf 81' lang='lat' dir='ltr'><strong>videtur</strong></span> <span class='ocrx_word' id='word_1_65' title='bbox 1037 973 1047 1026; x_wconf 51' lang='lat'><strong>3¹</strong></span> <span class='ocrx_word' id='word_1_66' title='bbox 1070 965 1104 1012; x_wconf 92' lang='lat' dir='ltr'><strong>ut</strong></span> 
     </span>
     <span class='ocr_line' id='line_1_9' title="bbox 192 1039 1103 1115; baseline 0.002 -21"><span class='ocrx_word' id='word_1_67' title='bbox 192 1041 267 1094; x_wconf 86' lang='lat' dir='ltr'><strong>enim</strong></span> <span class='ocrx_word' id='word_1_68' title='bbox 288 1040 493 1111; x_wconf 79' lang='lat' dir='ltr'><strong>aliquantulum</strong></span> <span class='ocrx_word' id='word_1_69' title='bbox 517 1043 616 1114; x_wconf 82' lang='lat' dir='ltr'><strong>loquer</strong></span> <span class='ocrx_word' id='word_1_70' title='bbox 638 1060 695 1099; x_wconf 85' lang='lat' dir='ltr'><strong>nou</strong></span> <span class='ocrx_word' id='word_1_71' title='bbox 721 1042 802 1114; x_wconf 78' lang='lat' dir='ltr'><strong>quasi</strong></span> <span class='ocrx_word' id='word_1_72' title='bbox 825 1042 860 1096; x_wconf 89' lang='lat' dir='ltr'><strong>de</strong></span> <span class='ocrx_word' id='word_1_73' title='bbox 882 1039 943 1110; x_wconf 77' lang='lat' dir='ltr'><strong>illo,</strong></span> <span class='ocrx_word' id='word_1_74' title='bbox 967 1043 1015 1115; x_wconf 89' lang='lat' dir='ltr'><strong>qui</strong></span> <span class='ocrx_word' id='word_1_75' title='bbox 1033 1059 1103 1097; x_wconf 87' lang='lat' dir='ltr'><strong>nun·</strong></span> 
     </span>
     <span class='ocr_line' id='line_1_10' title="bbox 190 1124 1103 1198; baseline 0.005 -18"><span class='ocrx_word' id='word_1_76' title='bbox 190 1141 277 1197; x_wconf 83' lang='lat' dir='ltr'><strong>quem</strong></span> <span class='ocrx_word' id='word_1_77' title='bbox 300 1124 400 1195; x_wconf 79' lang='lat' dir='ltr'><strong>fuerit,</strong></span> <span class='ocrx_word' id='word_1_78' title='bbox 424 1126 498 1182; x_wconf 84' lang='lat' dir='ltr'><strong>sieut</strong></span> <span class='ocrx_word' id='word_1_79' title='bbox 520 1125 655 1182; x_wconf 75' lang='lat' dir='ltr'><strong>haetenue</strong></span> <span class='ocrx_word' id='word_1_80' title='bbox 680 1126 813 1197; x_wconf 73' lang='lat' dir='ltr'><strong>fecimus,</strong></span> <span class='ocrx_word' id='word_1_81' title='bbox 837 1125 887 1180; x_wconf 90' lang='lat' dir='ltr'><strong>sed</strong></span> <span class='ocrx_word' id='word_1_82' title='bbox 908 1127 987 1180; x_wconf 84' lang='lat' dir='ltr'><strong>velut</strong></span> <span class='ocrx_word' id='word_1_83' title='bbox 1009 1127 1044 1184; x_wconf 89' lang='lat' dir='ltr'><strong>de</strong></span> <span class='ocrx_word' id='word_1_84' title='bbox 1061 1145 1103 1198; x_wconf 90' lang='lat' dir='ltr'><strong>eo,</strong></span> 
     </span>
     <span class='ocr_line' id='line_1_11' title="bbox 193 1209 1104 1286; baseline 0.004 -22"><span class='ocrx_word' id='word_1_85' title='bbox 193 1227 276 1282; x_wconf 85' lang='lat' dir='ltr'><strong>quem</strong></span> <span class='ocrx_word' id='word_1_86' title='bbox 296 1217 324 1266; x_wconf 85' lang='lat' dir='ltr'><strong>et</strong></span> <span class='ocrx_word' id='word_1_87' title='bbox 346 1211 426 1265; x_wconf 82' lang='lat' dir='ltr'><strong>euius</strong></span> <span class='ocrx_word' id='word_1_88' title='bbox 449 1211 525 1268; x_wconf 80' lang='lat' dir='ltr'><strong>fecte</strong></span> <span class='ocrx_word' id='word_1_89' title='bbox 547 1213 688 1268; x_wconf 78' lang='lat' dir='ltr'><strong>novimus:</strong></span> <span class='ocrx_word' id='word_1_90' title='bbox 714 1213 776 1286; x_wconf 88' lang='lat' dir='ltr'><strong>quis</strong></span> <span class='ocrx_word' id='word_1_91' title='bbox 803 1214 888 1284; x_wconf 82' lang='lat' dir='ltr'><strong>neget</strong></span> <span class='ocrx_word' id='word_1_92' title='bbox 911 1209 992 1266; x_wconf 89' lang='lat' dir='ltr'><strong>illum</strong></span> <span class='ocrx_word' id='word_1_93' title='bbox 1015 1213 1104 1268; x_wconf 76' lang='lat' dir='ltr'><strong>mults</strong></span> 
     </span>
     <span class='ocr_line' id='line_1_12' title="bbox 157 1293 1103 1369; baseline 0.001 -18"><span class='ocrx_word' id='word_1_94' title='bbox 157 1293 317 1368; x_wconf 74' lang='lat' dir='ltr'><strong>sposuine</strong></span> <span class='ocrx_word' id='word_1_95' title='bbox 334 1297 441 1366; x_wconf 77' lang='lat' dir='ltr'><strong>faeere,</strong></span> <span class='ocrx_word' id='word_1_96' title='bbox 466 1315 538 1369; x_wconf 83' lang='lat' dir='ltr'><strong>quee</strong></span> <span class='ocrx_word' id='word_1_97' title='bbox 554 1301 675 1369; x_wconf 80' lang='lat' dir='ltr'><strong>&#39;peccate</strong></span> <span class='ocrx_word' id='word_1_98' title='bbox 692 1298 831 1354; x_wconf 82' lang='lat' dir='ltr'><strong>dicimus?</strong></span> <span class='ocrx_word' id='word_1_99' title='bbox 866 1296 978 1367; x_wconf 82' lang='lat' dir='ltr'><strong>Quippe</strong></span> <span class='ocrx_word' id='word_1_100' title='bbox 995 1303 1027 1351; x_wconf 84' lang='lat' dir='ltr'><strong>ut</strong></span> <span class='ocrx_word' id='word_1_101' title='bbox 1046 1298 1103 1352; x_wconf 80' lang='lat' dir='ltr'><strong>alie</strong></span> 
     </span>
     <span class='ocr_line' id='line_1_13' title="bbox 192 1382 1102 1454; baseline 0 -18"><span class='ocrx_word' id='word_1_102' title='bbox 192 1387 313 1452; x_wconf 75' lang='lat' dir='ltr'><strong>taceam,</strong></span> <span class='ocrx_word' id='word_1_103' title='bbox 343 1382 482 1452; x_wconf 85' lang='lat' dir='ltr'><strong>quomodo</strong></span> <span class='ocrx_word' id='word_1_104' title='bbox 509 1383 634 1440; x_wconf 79' lang='lat' dir='ltr'><strong>dicemus</strong></span> <span class='ocrx_word' id='word_1_105' title='bbox 660 1403 723 1442; x_wconf 88' lang='lat' dir='ltr'><strong>eum</strong></span> <span class='ocrx_word' id='word_1_106' title='bbox 749 1401 806 1440; x_wconf 90' lang='lat' dir='ltr'><strong>non</strong></span> <span class='ocrx_word' id='word_1_107' title='bbox 832 1382 958 1454; x_wconf 87' lang='lat' dir='ltr'><strong>potuisse</strong></span> <span class='ocrx_word' id='word_1_108' title='bbox 984 1383 1102 1454; x_wconf 72' lang='lat' dir='ltr'><strong>mentiri,</strong></span> 
     </span>
     <span class='ocr_line' id='line_1_14' title="bbox 191 1467 1101 1538; baseline 0.001 -16"><span class='ocrx_word' id='word_1_109' title='bbox 191 1467 268 1538; x_wconf 88' lang='lat' dir='ltr'><strong>quod</strong></span> <span class='ocrx_word' id='word_1_110' title='bbox 292 1483 402 1538; x_wconf 77' lang='lat' dir='ltr'>semper</span> <span class='ocrx_word' id='word_1_111' title='bbox 422 1473 570 1538; x_wconf 71' lang='lat' dir='ltr'><strong>peecatum</strong></span> <span class='ocrx_word' id='word_1_112' title='bbox 592 1470 655 1526; x_wconf 81' lang='lat' dir='ltr'><strong>est?</strong></span> <span class='ocrx_word' id='word_1_113' title='bbox 697 1470 767 1526; x_wconf 79' lang='lat' dir='ltr'><strong>Cum</strong></span> <span class='ocrx_word' id='word_1_114' title='bbox 791 1467 865 1524; x_wconf 88' lang='lat' dir='ltr'><strong>enim</strong></span> <span class='ocrx_word' id='word_1_115' title='bbox 890 1467 967 1522; x_wconf 76' lang='lat' dir='ltr'><strong>dieat</strong></span> <span class='ocrx_word' id='word_1_116' title='bbox 988 1467 1101 1523; x_wconf 78' lang='lat' dir='ltr'><strong>Iudaeis</strong></span> 
     </span>
     <span class='ocr_line' id='line_1_15' title="bbox 191 1553 1102 1624; baseline -0.001 -16"><span class='ocrx_word' id='word_1_117' title='bbox 191 1553 227 1608; x_wconf 89' lang='lat' dir='ltr'><strong>de</strong></span> <span class='ocrx_word' id='word_1_118' title='bbox 244 1553 345 1610; x_wconf 77' lang='lat' dir='ltr'><strong>Patre:</strong></span> <span class='ocrx_word' id='word_1_119' title='bbox 366 1554 395 1608; x_wconf 71' lang='lat' dir='ltr'><strong>ss·</strong></span> <span class='ocrx_word' id='word_1_120' title='bbox 413 1554 522 1618; x_wconf 73' lang='lat' dir='ltr'><strong>dinero,</strong></span> <span class='ocrx_word' id='word_1_121' title='bbox 540 1555 608 1624; x_wconf 77' lang='lat' dir='ltr'><strong>quia</strong></span> <span class='ocrx_word' id='word_1_122' title='bbox 627 1573 683 1610; x_wconf 79' lang='lat' dir='ltr'><strong>eon</strong></span> <span class='ocrx_word' id='word_1_123' title='bbox 701 1558 760 1610; x_wconf 83' lang='lat' dir='ltr'><strong>ses&#39;o</strong></span> <span class='ocrx_word' id='word_1_124' title='bbox 778 1573 846 1624; x_wconf 74' lang='lat' dir='ltr'><strong>eum,</strong></span> <span class='ocrx_word' id='word_1_125' title='bbox 866 1571 914 1608; x_wconf 78' lang='lat' dir='ltr'><strong>ero</strong></span> <span class='ocrx_word' id='word_1_126' title='bbox 934 1553 1038 1608; x_wconf 69' lang='lat' dir='ltr'><strong>similis</strong></span> <span class='ocrx_word' id='word_1_127' title='bbox 1056 1572 1102 1608; x_wconf 81' lang='lat' dir='ltr'><strong>uo·</strong></span> 
     </span>
     <span class='ocr_line' id='line_1_16' title="bbox 191 1638 1101 1710; baseline 0 -16"><span class='ocrx_word' id='word_1_128' title='bbox 191 1640 235 1694; x_wconf 75' lang='lat' dir='ltr'><strong>bis</strong></span> <span class='ocrx_word' id='word_1_129' title='bbox 252 1642 382 1710; x_wconf 73' lang='lat' dir='ltr'><strong>mendae,</strong></span> <span class='ocrx_word' id='word_1_130' title='bbox 392 1643 413 1707; x_wconf 85' lang='lat'><strong>¹)</strong></span> <span class='ocrx_word' id='word_1_131' title='bbox 431 1645 462 1694; x_wconf 83' lang='lat' dir='ltr'><strong>et</strong></span> <span class='ocrx_word' id='word_1_132' title='bbox 478 1638 552 1694; x_wconf 88' lang='lat' dir='ltr'><strong>inter</strong></span> <span class='ocrx_word' id='word_1_133' title='bbox 570 1639 640 1696; x_wconf 67' lang='lat' dir='ltr'><strong>haee</strong></span> <span class='ocrx_word' id='word_1_134' title='bbox 657 1641 744 1698; x_wconf 80' lang='lat' dir='ltr'><strong>verba</strong></span> <span class='ocrx_word' id='word_1_135' title='bbox 764 1641 853 1696; x_wconf 82' lang='lat' dir='ltr'><strong>dicet:</strong></span> <span class='ocrx_word' id='word_1_136' title='bbox 870 1657 927 1694; x_wconf 67' lang='lat' dir='ltr'><strong>own</strong></span> <span class='ocrx_word' id='word_1_137' title='bbox 943 1641 1002 1694; x_wconf 76' lang='lat' dir='ltr'><strong>seio</strong></span> <span class='ocrx_word' id='word_1_138' title='bbox 1021 1657 1101 1708; x_wconf 72' lang='lat' dir='ltr'><strong>etun,-</strong></span> 
     </span>
     <span class='ocr_line' id='line_1_17' title="bbox 191 1725 1102 1797; baseline 0.002 -17"><span class='ocrx_word' id='word_1_139' title='bbox 191 1725 255 1796; x_wconf 80' lang='lat' dir='ltr'><strong>quis</strong></span> <span class='ocrx_word' id='word_1_140' title='bbox 279 1741 344 1780; x_wconf 89' lang='lat' dir='ltr'><strong>eum</strong></span> <span class='ocrx_word' id='word_1_141' title='bbox 368 1725 445 1782; x_wconf 79' lang='lat' dir='ltr'><strong>diest</strong></span> <span class='ocrx_word' id='word_1_142' title='bbox 469 1726 582 1782; x_wconf 75' lang='lat' dir='ltr'><strong>easdem</strong></span> <span class='ocrx_word' id='word_1_143' title='bbox 605 1731 662 1782; x_wconf 82' lang='lat' dir='ltr'><strong>tres</strong></span> <span class='ocrx_word' id='word_1_144' title='bbox 689 1725 848 1797; x_wconf 76' lang='lat' dir='ltr'><strong>nequivisse</strong></span> <span class='ocrx_word' id='word_1_145' title='bbox 864 1725 988 1796; x_wconf 74' lang='lat' dir='ltr'><strong>proferre</strong></span> <span class='ocrx_word' id='word_1_146' title='bbox 1004 1725 1102 1783; x_wconf 80' lang='lat' dir='ltr'><strong>dictio·</strong></span> 
     </span>
     <span class='ocr_line' id='line_1_18' title="bbox 157 1809 1103 1881; baseline 0.002 -15"><span class='ocrx_word' id='word_1_147' title='bbox 157 1809 254 1880; x_wconf 75' lang='lat' dir='ltr'><strong>5nes,</strong></span> <span class='ocrx_word' id='word_1_148' title='bbox 286 1812 345 1870; x_wconf 82' lang='lat' dir='ltr'><strong>eive</strong></span> <span class='ocrx_word' id='word_1_149' title='bbox 368 1811 432 1866; x_wconf 85' lang='lat' dir='ltr'><strong>eliis</strong></span> <span class='ocrx_word' id='word_1_150' title='bbox 458 1811 566 1881; x_wconf 84' lang='lat' dir='ltr'><strong>verbis,</strong></span> <span class='ocrx_word' id='word_1_151' title='bbox 593 1812 688 1866; x_wconf 79' lang='lat' dir='ltr'><strong>uteie</strong></span> <span class='ocrx_word' id='word_1_152' title='bbox 719 1811 838 1881; x_wconf 82' lang='lat' dir='ltr'><strong>diceret,</strong></span> <span class='ocrx_word' id='word_1_153' title='bbox 863 1828 920 1865; x_wconf 75' lang='lat' dir='ltr'><strong>stou</strong></span> <span class='ocrx_word' id='word_1_154' title='bbox 944 1812 1003 1865; x_wconf 78' lang='lat' dir='ltr'><strong>seio</strong></span> <span class='ocrx_word' id='word_1_155' title='bbox 1021 1815 1103 1868; x_wconf 75' lang='lat' dir='ltr'><strong>eum!</strong></span> 
     </span>
     <span class='ocr_line' id='line_1_19' title="bbox 192 1894 1103 1968; baseline 0.005 -19"><span class='ocrx_word' id='word_1_156' title='bbox 192 1894 274 1959; x_wconf 80' lang='lat' dir='ltr'><strong>Quod</strong></span> <span class='ocrx_word' id='word_1_157' title='bbox 297 1896 321 1950; x_wconf 88' lang='lat' dir='ltr'><strong>si</strong></span> <span class='ocrx_word' id='word_1_158' title='bbox 343 1897 461 1961; x_wconf 80' lang='lat' dir='ltr'><strong>iaceret,</strong></span> <span class='ocrx_word' id='word_1_159' title='bbox 488 1903 521 1951; x_wconf 87' lang='lat' dir='ltr'><strong>ut</strong></span> <span class='ocrx_word' id='word_1_160' title='bbox 542 1897 604 1968; x_wconf 87' lang='lat' dir='ltr'><strong>ipse</strong></span> <span class='ocrx_word' id='word_1_161' title='bbox 624 1897 678 1967; x_wconf 78' lang='lat' dir='ltr'><strong>eit,</strong></span> <span class='ocrx_word' id='word_1_162' title='bbox 708 1903 781 1952; x_wconf 87' lang='lat' dir='ltr'><strong>esset</strong></span> <span class='ocrx_word' id='word_1_163' title='bbox 803 1895 937 1966; x_wconf 78' lang='lat' dir='ltr'><strong>mendax,</strong></span> <span class='ocrx_word' id='word_1_164' title='bbox 965 1899 1040 1968; x_wconf 86' lang='lat' dir='ltr'><strong>quod</strong></span> <span class='ocrx_word' id='word_1_165' title='bbox 1060 1905 1103 1954; x_wconf 89' lang='lat' dir='ltr'><strong>est</strong></span> 
     </span>
     <span class='ocr_line' id='line_1_20' title="bbox 190 1979 1102 2054; baseline 0.003 -19"><span class='ocrx_word' id='word_1_166' title='bbox 190 1997 252 2035; x_wconf 90' lang='lat' dir='ltr'><strong>esse</strong></span> <span class='ocrx_word' id='word_1_167' title='bbox 279 1986 464 2050; x_wconf 82' lang='lat' dir='ltr'><strong>peecatorem.</strong></span> <span class='ocrx_word' id='word_1_168' title='bbox 501 1982 594 2046; x_wconf 80' lang='lat' dir='ltr'><strong>Quare</strong></span> <span class='ocrx_word' id='word_1_169' title='bbox 622 1981 754 2054; x_wconf 72' lang='lat' dir='ltr'><strong>quoniam</strong></span> <span class='ocrx_word' id='word_1_170' title='bbox 779 1981 832 2036; x_wconf 85' lang='lat' dir='ltr'><strong>hoe</strong></span> <span class='ocrx_word' id='word_1_171' title='bbox 858 1979 962 2052; x_wconf 73' lang='lat' dir='ltr'><strong>pontit,</strong></span> <span class='ocrx_word' id='word_1_172' title='bbox 985 2000 1102 2053; x_wconf 71' lang='lat' dir='ltr'><strong>pedeure</strong></span> 
     </span>
     <span class='ocr_line' id='line_1_21' title="bbox 190 2065 1101 2140; baseline 0.005 -21"><span class='ocrx_word' id='word_1_173' title='bbox 190 2065 291 2135; x_wconf 82' lang='lat' dir='ltr'><strong>potuit.</strong></span> <span class='ocrx_word' id='word_1_174' title='bbox 325 2069 395 2120; x_wconf 77' lang='lat' dir='ltr'><strong>Aue.</strong></span> <span class='ocrx_word' id='word_1_175' title='bbox 430 2067 469 2122; x_wconf 86' lang='lat' dir='ltr'><strong>Et</strong></span> <span class='ocrx_word' id='word_1_176' title='bbox 491 2067 545 2124; x_wconf 83' lang='lat' dir='ltr'><strong>hoe</strong></span> <span class='ocrx_word' id='word_1_177' title='bbox 564 2069 659 2124; x_wconf 81' lang='lat' dir='ltr'><strong>dicere</strong></span> <span class='ocrx_word' id='word_1_178' title='bbox 682 2067 774 2138; x_wconf 83' lang='lat' dir='ltr'><strong>potuit</strong></span> <span class='ocrx_word' id='word_1_179' title='bbox 796 2072 824 2124; x_wconf 86' lang='lat' dir='ltr'><strong>et</strong></span> <span class='ocrx_word' id='word_1_180' title='bbox 841 2081 959 2137; x_wconf 76' lang='lat' dir='ltr'><strong>peceare</strong></span> <span class='ocrx_word' id='word_1_181' title='bbox 978 2085 1035 2122; x_wconf 84' lang='lat' dir='ltr'><strong>non</strong></span> <span class='ocrx_word' id='word_1_182' title='bbox 1051 2087 1101 2140; x_wconf 90' lang='lat' dir='ltr'><strong>po·</strong></span> 
     </span>
     <span class='ocr_line' id='line_1_22' title="bbox 157 2151 1103 2224; baseline 0.003 -18"><span class='ocrx_word' id='word_1_183' title='bbox 157 2151 253 2206; x_wconf 70' lang='lat' dir='ltr'><strong>seuit.</strong></span> <span class='ocrx_word' id='word_1_184' title='bbox 289 2152 359 2209; x_wconf 84' lang='lat' dir='ltr'><strong>Boe.</strong></span> <span class='ocrx_word' id='word_1_185' title='bbox 387 2152 449 2208; x_wconf 87' lang='lat' dir='ltr'><strong>Hoe</strong></span> <span class='ocrx_word' id='word_1_186' title='bbox 468 2155 591 2210; x_wconf 88' lang='lat' dir='ltr'><strong>ostende.</strong></span> <span class='ocrx_word' id='word_1_187' title='bbox 627 2153 697 2207; x_wconf 78' lang='lat' dir='ltr'><strong>Ans.</strong></span> <span class='ocrx_word' id='word_1_188' title='bbox 722 2151 819 2207; x_wconf 87' lang='lat' dir='ltr'><strong>Omnis</strong></span> <span class='ocrx_word' id='word_1_189' title='bbox 836 2154 960 2222; x_wconf 83' lang='lat' dir='ltr'><strong>potestas</strong></span> <span class='ocrx_word' id='word_1_190' title='bbox 978 2154 1103 2224; x_wconf 84' lang='lat' dir='ltr'><strong>sequitur</strong></span> 
     </span>
     <span class='ocr_line' id='line_1_23' title="bbox 190 2235 1104 2310; baseline 0.003 -19"><span class='ocrx_word' id='word_1_191' title='bbox 190 2237 371 2294; x_wconf 78' lang='lat' dir='ltr'><strong>voluntatem.</strong></span> <span class='ocrx_word' id='word_1_192' title='bbox 406 2238 479 2295; x_wconf 80' lang='lat' dir='ltr'><strong>Cum</strong></span> <span class='ocrx_word' id='word_1_193' title='bbox 496 2240 570 2296; x_wconf 86' lang='lat' dir='ltr'><strong>euim</strong></span> <span class='ocrx_word' id='word_1_194' title='bbox 592 2239 654 2294; x_wconf 84' lang='lat' dir='ltr'><strong>dieo</strong></span> <span class='ocrx_word' id='word_1_195' title='bbox 672 2235 738 2308; x_wconf 82' lang='lat' dir='ltr'><strong>quia</strong></span> <span class='ocrx_word' id='word_1_196' title='bbox 756 2251 871 2306; x_wconf 82' lang='lat' dir='ltr'><strong>possum</strong></span> <span class='ocrx_word' id='word_1_197' title='bbox 888 2236 966 2310; x_wconf 85' lang='lat' dir='ltr'><strong>loqui</strong></span> <span class='ocrx_word' id='word_1_198' title='bbox 983 2239 1027 2294; x_wconf 87' lang='lat' dir='ltr'><strong>vel</strong></span> <span class='ocrx_word' id='word_1_199' title='bbox 1045 2257 1104 2294; x_wconf 83' lang='lat' dir='ltr'><strong>em·</strong></span> 
     </span>
     <span class='ocr_line' id='line_1_24' title="bbox 190 2321 1102 2396; baseline 0.002 -19"><span class='ocrx_word' id='word_1_200' title='bbox 190 2321 298 2393; x_wconf 72' lang='lat' dir='ltr'><strong>bidere,</strong></span> <span class='ocrx_word' id='word_1_201' title='bbox 317 2325 491 2396; x_wconf 78' lang='lat' dir='ltr'><strong>subauditur,</strong></span> <span class='ocrx_word' id='word_1_202' title='bbox 517 2325 541 2380; x_wconf 87' lang='lat' dir='ltr'><strong>si</strong></span> <span class='ocrx_word' id='word_1_203' title='bbox 562 2325 633 2380; x_wconf 84' lang='lat' dir='ltr'><strong>volo.</strong></span> <span class='ocrx_word' id='word_1_204' title='bbox 669 2322 700 2378; x_wconf 80' lang='lat' dir='ltr'><strong>Si</strong></span> <span class='ocrx_word' id='word_1_205' title='bbox 717 2321 791 2377; x_wconf 87' lang='lat' dir='ltr'><strong>enim</strong></span> <span class='ocrx_word' id='word_1_206' title='bbox 807 2339 865 2377; x_wconf 87' lang='lat' dir='ltr'><strong>non</strong></span> <span class='ocrx_word' id='word_1_207' title='bbox 883 2322 1102 2395; x_wconf 76' lang='lat' dir='ltr'><strong>subintelligitur</strong></span> 
     </span>
     <span class='ocr_line' id='line_1_25' title="bbox 157 2407 1100 2480; baseline 0.002 -19"><span class='ocrx_word' id='word_1_208' title='bbox 157 2407 333 2478; x_wconf 72' lang='lat' dir='ltr'><strong>ivoluntes,</strong></span> <span class='ocrx_word' id='word_1_209' title='bbox 363 2426 421 2463; x_wconf 87' lang='lat' dir='ltr'><strong>non</strong></span> <span class='ocrx_word' id='word_1_210' title='bbox 448 2416 492 2464; x_wconf 83' lang='lat' dir='ltr'><strong>eet</strong></span> <span class='ocrx_word' id='word_1_211' title='bbox 513 2414 636 2480; x_wconf 71' lang='lat' dir='ltr'><strong>potestas</strong></span> <span class='ocrx_word' id='word_1_212' title='bbox 658 2409 709 2463; x_wconf 84' lang='lat' dir='ltr'><strong>sed</strong></span> <span class='ocrx_word' id='word_1_213' title='bbox 736 2408 895 2464; x_wconf 72' lang='lat' dir='ltr'><strong>necessitas.</strong></span> <span class='ocrx_word' id='word_1_214' title='bbox 938 2409 1012 2466; x_wconf 82' lang='lat' dir='ltr'><strong>Nem</strong></span> <span class='ocrx_word' id='word_1_215' title='bbox 1037 2425 1100 2464; x_wconf 84' lang='lat' dir='ltr'><strong>eum</strong></span> 
     </span>
     <span class='ocr_line' id='line_1_26' title="bbox 190 2492 1100 2564; baseline 0.002 -18"><span class='ocrx_word' id='word_1_216' title='bbox 190 2492 254 2548; x_wconf 85' lang='lat' dir='ltr'><strong>dieo</strong></span> <span class='ocrx_word' id='word_1_217' title='bbox 275 2493 342 2564; x_wconf 78' lang='lat' dir='ltr'><strong>quie</strong></span> <span class='ocrx_word' id='word_1_218' title='bbox 359 2494 456 2550; x_wconf 81' lang='lat' dir='ltr'><strong>nolens</strong></span> <span class='ocrx_word' id='word_1_219' title='bbox 478 2509 593 2564; x_wconf 83' lang='lat' dir='ltr'><strong>possum</strong></span> <span class='ocrx_word' id='word_1_220' title='bbox 614 2493 689 2548; x_wconf 71' lang='lat' dir='ltr'><strong>uehi</strong></span> <span class='ocrx_word' id='word_1_221' title='bbox 712 2499 763 2548; x_wconf 85' lang='lat' dir='ltr'><strong>sut</strong></span> <span class='ocrx_word' id='word_1_222' title='bbox 780 2493 870 2564; x_wconf 82' lang='lat' dir='ltr'><strong>vinei,</strong></span> <span class='ocrx_word' id='word_1_223' title='bbox 895 2511 951 2550; x_wconf 88' lang='lat' dir='ltr'><strong>non</strong></span> <span class='ocrx_word' id='word_1_224' title='bbox 972 2500 1015 2550; x_wconf 83' lang='lat' dir='ltr'><strong>est</strong></span> <span class='ocrx_word' id='word_1_225' title='bbox 1031 2493 1100 2548; x_wconf 78' lang='lat' dir='ltr'><strong>haee</strong></span> 
     </span>
     <span class='ocr_line' id='line_1_27' title="bbox 189 2578 1099 2651; baseline 0.001 -20"><span class='ocrx_word' id='word_1_226' title='bbox 189 2594 254 2632; x_wconf 82' lang='lat' dir='ltr'><strong>mea</strong></span> <span class='ocrx_word' id='word_1_227' title='bbox 269 2583 392 2648; x_wconf 80' lang='lat' dir='ltr'><strong>potestas</strong></span> <span class='ocrx_word' id='word_1_228' title='bbox 412 2578 463 2632; x_wconf 91' lang='lat' dir='ltr'><strong>sed</strong></span> <span class='ocrx_word' id='word_1_229' title='bbox 482 2579 633 2635; x_wconf 75' lang='lat' dir='ltr'><strong>necessitas</strong></span> <span class='ocrx_word' id='word_1_230' title='bbox 651 2585 679 2636; x_wconf 91' lang='lat' dir='ltr'><strong>et</strong></span> <span class='ocrx_word' id='word_1_231' title='bbox 694 2585 818 2651; x_wconf 78' lang='lat' dir='ltr'><strong>potestus</strong></span> <span class='ocrx_word' id='word_1_232' title='bbox 836 2578 959 2635; x_wconf 78' lang='lat' dir='ltr'><strong>ulterius.</strong></span> <span class='ocrx_word' id='word_1_233' title='bbox 990 2578 1099 2648; x_wconf 82' lang='lat' dir='ltr'><strong>Quippe</strong></span> 
     </span>
     <span class='ocr_line' id='line_1_28' title="bbox 189 2661 1099 2736; baseline 0.005 -23"><span class='ocrx_word' id='word_1_234' title='bbox 189 2675 247 2715; x_wconf 86' lang='lat' dir='ltr'><strong>non</strong></span> <span class='ocrx_word' id='word_1_235' title='bbox 266 2666 309 2714; x_wconf 83' lang='lat' dir='ltr'><strong>est</strong></span> <span class='ocrx_word' id='word_1_236' title='bbox 332 2661 424 2727; x_wconf 78' lang='lat' dir='ltr'><strong>aliud,</strong></span> <span class='ocrx_word' id='word_1_237' title='bbox 449 2681 563 2734; x_wconf 84' lang='lat' dir='ltr'><strong>possum</strong></span> <span class='ocrx_word' id='word_1_238' title='bbox 584 2665 657 2720; x_wconf 82' lang='lat' dir='ltr'><strong>trahi</strong></span> <span class='ocrx_word' id='word_1_239' title='bbox 679 2664 724 2720; x_wconf 88' lang='lat' dir='ltr'><strong>vel</strong></span> <span class='ocrx_word' id='word_1_240' title='bbox 746 2664 834 2734; x_wconf 84' lang='lat' dir='ltr'><strong>vinei,</strong></span> <span class='ocrx_word' id='word_1_241' title='bbox 861 2681 945 2736; x_wconf 81' lang='lat' dir='ltr'><strong>quem</strong></span> <span class='ocrx_word' id='word_1_242' title='bbox 964 2663 1038 2718; x_wconf 78' lang='lat' dir='ltr'><strong>elius</strong></span> <span class='ocrx_word' id='word_1_243' title='bbox 1055 2679 1099 2718; x_wconf 91' lang='lat' dir='ltr'><strong>me</strong></span> 
     </span>
     <span class='ocr_line' id='line_1_29' title="bbox 156 2745 1099 2821; baseline 0.008 -23"><span class='ocrx_word' id='word_1_244' title='bbox 156 2746 172 2798; x_wconf 86' lang='lat'>8</span> <span class='ocrx_word' id='word_1_245' title='bbox 190 2745 301 2804; x_wconf 81' lang='lat' dir='ltr'><strong>trahere</strong></span> <span class='ocrx_word' id='word_1_246' title='bbox 325 2747 369 2802; x_wconf 86' lang='lat' dir='ltr'><strong>vel</strong></span> <span class='ocrx_word' id='word_1_247' title='bbox 389 2747 501 2806; x_wconf 81' lang='lat' dir='ltr'><strong>vincere</strong></span> <span class='ocrx_word' id='word_1_248' title='bbox 527 2757 626 2821; x_wconf 82' lang='lat' dir='ltr'><strong>potest</strong></span> <span class='ocrx_word' id='word_1_249' title='bbox 662 2751 814 2806; x_wconf 84' lang='lat' dir='ltr'><strong>Possumus</strong></span> <span class='ocrx_word' id='word_1_250' title='bbox 840 2749 936 2820; x_wconf 83' lang='lat' dir='ltr'><strong>itaque</strong></span> <span class='ocrx_word' id='word_1_251' title='bbox 954 2747 1046 2804; x_wconf 80' lang='lat' dir='ltr'><strong>dicere</strong></span> <span class='ocrx_word' id='word_1_252' title='bbox 1064 2749 1099 2806; x_wconf 90' lang='lat' dir='ltr'><strong>de</strong></span> 
     </span>
     <span class='ocr_line' id='line_1_30' title="bbox 190 2831 1099 2907; baseline 0.002 -19"><span class='ocrx_word' id='word_1_253' title='bbox 190 2831 300 2888; x_wconf 75' lang='lat' dir='ltr'><strong>Christo</strong></span> <span class='ocrx_word' id='word_1_254' title='bbox 324 2834 391 2905; x_wconf 80' lang='lat' dir='ltr'><strong>quie</strong></span> <span class='ocrx_word' id='word_1_255' title='bbox 413 2835 507 2906; x_wconf 81' lang='lat' dir='ltr'><strong>potuit</strong></span> <span class='ocrx_word' id='word_1_256' title='bbox 530 2835 652 2907; x_wconf 70' lang='lat' dir='ltr'><strong>mentiti,</strong></span> <span class='ocrx_word' id='word_1_257' title='bbox 682 2837 705 2890; x_wconf 90' lang='lat' dir='ltr'><strong>si</strong></span> <span class='ocrx_word' id='word_1_258' title='bbox 730 2834 925 2903; x_wconf 73' lang='lat' dir='ltr'><strong>subsuuiaun,</strong></span> <span class='ocrx_word' id='word_1_259' title='bbox 949 2833 973 2888; x_wconf 89' lang='lat' dir='ltr'><strong>si</strong></span> <span class='ocrx_word' id='word_1_260' title='bbox 998 2833 1099 2905; x_wconf 79' lang='lat' dir='ltr'><strong>vellet3</strong></span> 
     </span>
     <span class='ocr_line' id='line_1_31' title="bbox 189 2919 1100 3000; baseline 0.007 -28"><span class='ocrx_word' id='word_1_261' title='bbox 189 2923 218 2973; x_wconf 88' lang='lat' dir='ltr'><strong>et</strong></span> <span class='ocrx_word' id='word_1_262' title='bbox 242 2919 374 2990; x_wconf 83' lang='lat' dir='ltr'><strong>quoniam</strong></span> <span class='ocrx_word' id='word_1_263' title='bbox 397 2922 508 3000; x_wconf 71' lang='lat' dir='ltr'><strong>nentini</strong></span> <span class='ocrx_word' id='word_1_264' title='bbox 530 2940 587 2979; x_wconf 88' lang='lat' dir='ltr'><strong>uon</strong></span> <span class='ocrx_word' id='word_1_265' title='bbox 612 2921 704 2994; x_wconf 83' lang='lat' dir='ltr'><strong>potuit</strong></span> <span class='ocrx_word' id='word_1_266' title='bbox 727 2922 824 2978; x_wconf 85' lang='lat' dir='ltr'><strong>nolens</strong></span> <span class='ocrx_word' id='word_1_267' title='bbox 849 2935 902 2973; x_wconf 85' lang='lat' dir='ltr'><strong>nee</strong></span> <span class='ocrx_word' id='word_1_268' title='bbox 919 2919 1011 2990; x_wconf 84' lang='lat' dir='ltr'><strong>potuit</strong></span> <span class='ocrx_word' id='word_1_269' title='bbox 1028 2921 1100 2978; x_wconf 84' lang='lat' dir='ltr'><strong>velle</strong></span> 
     </span>
     <span class='ocr_line' id='line_1_32' title="bbox 189 2997 1100 3080; baseline 0.003 -22"><span class='ocrx_word' id='word_1_270' title='bbox 189 3005 315 3077; x_wconf 82' lang='lat' dir='ltr'><strong>mentiri,</strong></span> <span class='ocrx_word' id='word_1_271' title='bbox 334 2997 395 3062; x_wconf 81' lang='lat' dir='ltr'><strong>‘non</strong></span> <span class='ocrx_word' id='word_1_272' title='bbox 421 3007 513 3062; x_wconf 88' lang='lat' dir='ltr'><strong>minus</strong></span> <span class='ocrx_word' id='word_1_273' title='bbox 536 3008 592 3062; x_wconf 85' lang='lat' dir='ltr'><strong>diei</strong></span> <span class='ocrx_word' id='word_1_274' title='bbox 616 3013 708 3080; x_wconf 85' lang='lat' dir='ltr'><strong>potest</strong></span> <span class='ocrx_word' id='word_1_275' title='bbox 725 3005 882 3078; x_wconf 83' lang='lat' dir='ltr'><strong>nequivisse</strong></span> <span class='ocrx_word' id='word_1_276' title='bbox 897 3003 1017 3060; x_wconf 85' lang='lat' dir='ltr'><strong>mentiri.</strong></span> <span class='ocrx_word' id='word_1_277' title='bbox 1053 3005 1100 3063; x_wconf 75' lang='lat' dir='ltr'><strong>sio</strong></span> 
     </span>
     <span class='ocr_line' id='line_1_33' title="bbox 156 3087 1098 3164; baseline 0.007 -22"><span class='ocrx_word' id='word_1_278' title='bbox 156 3087 283 3162; x_wconf 72' lang='lat' dir='ltr'><strong>eitaque</strong></span> <span class='ocrx_word' id='word_1_279' title='bbox 307 3091 401 3162; x_wconf 83' lang='lat' dir='ltr'><strong>potuit</strong></span> <span class='ocrx_word' id='word_1_280' title='bbox 426 3099 454 3148; x_wconf 91' lang='lat' dir='ltr'><strong>et</strong></span> <span class='ocrx_word' id='word_1_281' title='bbox 475 3111 531 3148; x_wconf 88' lang='lat' dir='ltr'><strong>non</strong></span> <span class='ocrx_word' id='word_1_282' title='bbox 554 3094 645 3164; x_wconf 87' lang='lat' dir='ltr'><strong>potuit</strong></span> <span class='ocrx_word' id='word_1_283' title='bbox 667 3092 786 3152; x_wconf 86' lang='lat' dir='ltr'><strong>mentiri.</strong></span> <span class='ocrx_word' id='word_1_284' title='bbox 794 3093 815 3161; x_wconf 82' lang='lat'><strong>²)</strong></span> <span class='ocrx_word' id='word_1_285' title='bbox 850 3094 919 3146; x_wconf 82' lang='lat' dir='ltr'><strong>Boe.</strong></span> <span class='ocrx_word' id='word_1_286' title='bbox 952 3089 1098 3161; x_wconf 37' lang='lat' dir='ltr'><strong>Nune-re·</strong></span> 
     </span>
    </p>
   </div>
   <div class='ocr_carea' id='block_1_3' title="bbox 257 3261 1097 3422">
    <p class='ocr_par' dir='ltr' id='par_1_3' title="bbox 257 3261 1097 3422">
     <span class='ocr_line' id='line_1_34' title="bbox 257 3261 1084 3386; baseline 0.004 -71"><span class='ocrx_word' id='word_1_287' title='bbox 257 3263 285 3386; x_wconf 52' lang='grc' dir='ltr'><strong>ὲ)</strong></span> <span class='ocrx_word' id='word_1_288' title='bbox 306 3261 401 3318; x_wconf 74' lang='lat' dir='ltr'><strong>Ioum.</strong></span> <span class='ocrx_word' id='word_1_289' title='bbox 416 3269 446 3344; x_wconf 68' lang='lat'><strong>.8›</strong></span> <span class='ocrx_word' id='word_1_290' title='bbox 466 3271 506 3320; x_wconf 71' lang='lat' dir='ltr'><strong>se.</strong></span> <span class='ocrx_word' id='word_1_291' title='bbox 707 3331 713 3344; x_wconf 45' lang='grc'><em>,</em></span> <span class='ocrx_word' id='word_1_292' title='bbox 785 3331 791 3344; x_wconf 32' lang='lat'>⁸</span> <span class='ocrx_word' id='word_1_293' title='bbox 1077 3328 1084 3340; x_wconf 39' lang='lat'><em>,</em></span> 
     </span>
     <span class='ocr_line' id='line_1_35' title="bbox 275 3329 1097 3422; baseline 0 -38"><span class='ocrx_word' id='word_1_294' title='bbox 275 3333 284 3398; x_wconf 95' lang='lat'>)</span> <span class='ocrx_word' id='word_1_295' title='bbox 308 3329 364 3388; x_wconf 76' lang='lat' dir='ltr'><strong>etr.</strong></span> <span class='ocrx_word' id='word_1_296' title='bbox 386 3331 497 3404; x_wconf 76' lang='lat' dir='ltr'><strong>Dialog.</strong></span> <span class='ocrx_word' id='word_1_297' title='bbox 521 3335 557 3386; x_wconf 85' lang='lat' dir='ltr'><strong>de</strong></span> <span class='ocrx_word' id='word_1_298' title='bbox 576 3331 652 3422; x_wconf 62' lang='lat' dir='ltr'><strong>qaeu</strong></span> <span class='ocrx_word' id='word_1_299' title='bbox 669 3332 790 3385; x_wconf 81' lang='lat' dir='ltr'><strong>Dsubolt</strong></span> <span class='ocrx_word' id='word_1_300' title='bbox 809 3346 832 3386; x_wconf 86' lang='lat' dir='ltr'><strong>e.</strong></span> <span class='ocrx_word' id='word_1_301' title='bbox 855 3336 900 3386; x_wconf 79' lang='lat'><strong>12:</strong></span> <span class='ocrx_word' id='word_1_302' title='bbox 929 3329 1097 3416; x_wconf 71' lang='lat' dir='ltr'><strong>„Mutud-</strong></span> 
     </span>
    </p>
   </div>
   <div class='ocr_carea' id='block_1_4' title="bbox 0 0 1318 3810">
    <p class='ocr_par' dir='ltr' id='par_1_4' title="bbox 0 0 1318 3810">
     <span class='ocr_line' id='line_1_36' title="bbox 0 0 1318 3810; baseline 0 1"><span class='ocrx_word' id='word_1_303' title='bbox 0 0 1318 3810; x_wconf 95' lang='lat' dir='ltr'><strong> </strong></span> 
     </span>
    </p>
   </div>
  </div>
 </body>
</html>
