<?xml version="1.0" encoding="UTF-8"?>
<!DOCTYPE html PUBLIC "-//W3C//DTD XHTML 1.0 Transitional//EN"
    "http://www.w3.org/TR/xhtml1/DTD/xhtml1-transitional.dtd">
<html xmlns="http://www.w3.org/1999/xhtml" xml:lang="en" lang="en">
 <head>
  <title>
</title>
<meta http-equiv="Content-Type" content="text/html;charset=utf-8" />
  <meta name='ocr-system' content='tesseract 3.04.00' />
  <meta name='ocr-capabilities' content='ocr_page ocr_carea ocr_par ocr_line ocrx_word'/>
</head>
<body>
  <div class='ocr_page' id='page_1' title='image "./sanselmicantuar00laemgoog_0031.png"; bbox 0 0 2628 3810; ppageno 0'>
   <div class='ocr_carea' id='block_1_1' title="bbox 153 253 958 331">
    <p class='ocr_par' dir='ltr' id='par_1_1' title="bbox 153 253 958 331">
     <span class='ocr_line' id='line_1_1' title="bbox 153 253 958 331; baseline -0.005 -15"><span class='ocrx_word' id='word_1_1' title='bbox 153 319 161 331; x_wconf 61' lang='grc'><strong>,</strong></span> <span class='ocrx_word' id='word_1_2' title='bbox 232 259 253 326; x_wconf 74' lang='lat' dir='ltr'><strong>e</strong></span> <span class='ocrx_word' id='word_1_3' title='bbox 414 253 958 316; x_wconf 77' lang='lat' dir='ltr'><strong>e.uusnmnosuuusn1nus1s</strong></span> 
     </span>
    </p>
   </div>
   <div class='ocr_carea' id='block_1_2' title="bbox 153 461 1144 2446">
    <p class='ocr_par' dir='ltr' id='par_1_2' title="bbox 201 461 1143 822">
     <span class='ocr_line' id='line_1_2' title="bbox 201 461 1143 580; baseline -0.004 -28"><span class='ocrx_word' id='word_1_4' title='bbox 201 501 212 552; x_wconf 82' lang='lat'><strong>1</strong></span> <span class='ocrx_word' id='word_1_5' title='bbox 312 461 353 548; x_wconf 67' lang='lat'><strong>4·</strong></span> <span class='ocrx_word' id='word_1_6' title='bbox 390 498 475 580; x_wconf 18' lang='lat' dir='ltr'><strong>&#39;Bou</strong></span> <span class='ocrx_word' id='word_1_7' title='bbox 511 494 611 560; x_wconf 88' lang='lat' dir='ltr'><strong>Omnia</strong></span> <span class='ocrx_word' id='word_1_8' title='bbox 630 494 699 550; x_wconf 88' lang='lat' dir='ltr'><strong>haec</strong></span> <span class='ocrx_word' id='word_1_9' title='bbox 721 493 840 564; x_wconf 87' lang='lat' dir='ltr'><strong>pulchra</strong></span> <span class='ocrx_word' id='word_1_10' title='bbox 857 501 885 551; x_wconf 89' lang='lat' dir='ltr'><strong>ct</strong></span> <span class='ocrx_word' id='word_1_11' title='bbox 904 494 985 567; x_wconf 87' lang='lat' dir='ltr'><strong>quasi</strong></span> <span class='ocrx_word' id='word_1_12' title='bbox 1002 493 1143 566; x_wconf 83' lang='lat' dir='ltr'><strong>quaedam</strong></span> 
     </span>
     <span class='ocr_line' id='line_1_3' title="bbox 233 577 1140 653; baseline -0.002 -19"><span class='ocrx_word' id='word_1_13' title='bbox 233 580 360 651; x_wconf 75' lang='lat' dir='ltr'><strong>picturae</strong></span> <span class='ocrx_word' id='word_1_14' title='bbox 383 580 561 653; x_wconf 89' lang='lat' dir='ltr'><strong>suscipienda</strong></span> <span class='ocrx_word' id='word_1_15' title='bbox 585 585 663 649; x_wconf 84' lang='lat' dir='ltr'><strong>sunt;</strong></span> <span class='ocrx_word' id='word_1_16' title='bbox 687 580 737 634; x_wconf 89' lang='lat' dir='ltr'><strong>sed</strong></span> <span class='ocrx_word' id='word_1_17' title='bbox 760 579 864 634; x_wconf 92' lang='lat' dir='ltr'><strong>sinon</strong></span> <span class='ocrx_word' id='word_1_18' title='bbox 889 581 926 635; x_wconf 88' lang='lat' dir='ltr'><strong>sit</strong></span> <span class='ocrx_word' id='word_1_19' title='bbox 949 578 1056 651; x_wconf 87' lang='lat' dir='ltr'><strong>aliquid</strong></span> <span class='ocrx_word' id='word_1_20' title='bbox 1076 577 1140 633; x_wconf 88' lang='lat' dir='ltr'><strong>soli·</strong></span> 
     </span>
     <span class='ocr_line' id='line_1_4' title="bbox 235 661 1138 739; baseline 0.004 -19"><span class='ocrx_word' id='word_1_21' title='bbox 235 665 301 724; x_wconf 86' lang='lat' dir='ltr'><strong>dum</strong></span> <span class='ocrx_word' id='word_1_22' title='bbox 318 683 403 738; x_wconf 87' lang='lat' dir='ltr'><strong>super</strong></span> <span class='ocrx_word' id='word_1_23' title='bbox 414 667 495 739; x_wconf 34' lang='lat' dir='ltr'><strong>,quod</strong></span> <span class='ocrx_word' id='word_1_24' title='bbox 515 665 642 736; x_wconf 77' lang='lat' dir='ltr'><strong>sedeant,</strong></span> <span class='ocrx_word' id='word_1_25' title='bbox 665 682 722 720; x_wconf 90' lang='lat' dir='ltr'><strong>non</strong></span> <span class='ocrx_word' id='word_1_26' title='bbox 741 664 871 722; x_wconf 84' lang='lat' dir='ltr'><strong>videntur</strong></span> <span class='ocrx_word' id='word_1_27' title='bbox 886 665 1045 730; x_wconf 82' lang='lat' dir='ltr'><strong>infidelibus</strong></span> <span class='ocrx_word' id='word_1_28' title='bbox 1062 661 1138 724; x_wconf 67' lang='lat' dir='ltr'><strong>suffir</strong></span> 
     </span>
     <span class='ocr_line' id='line_1_5' title="bbox 234 747 1142 822; baseline -0.002 -16"><span class='ocrx_word' id='word_1_29' title='bbox 234 767 310 822; x_wconf 88' lang='lat' dir='ltr'><strong>cere,</strong></span> <span class='ocrx_word' id='word_1_30' title='bbox 334 769 384 808; x_wconf 86' lang='lat' dir='ltr'><strong>cur</strong></span> <span class='ocrx_word' id='word_1_31' title='bbox 400 753 494 808; x_wconf 89' lang='lat' dir='ltr'><strong>Deum</strong></span> <span class='ocrx_word' id='word_1_32' title='bbox 518 767 553 806; x_wconf 90' lang='lat' dir='ltr'><strong>ea</strong></span> <span class='ocrx_word' id='word_1_33' title='bbox 578 767 649 822; x_wconf 90' lang='lat' dir='ltr'><strong>quae</strong></span> <span class='ocrx_word' id='word_1_34' title='bbox 672 749 789 804; x_wconf 76' lang='lat' dir='ltr'><strong>dicimus</strong></span> <span class='ocrx_word' id='word_1_35' title='bbox 807 749 868 821; x_wconf 88' lang='lat' dir='ltr'><strong>pati</strong></span> <span class='ocrx_word' id='word_1_36' title='bbox 886 750 1007 806; x_wconf 89' lang='lat' dir='ltr'><strong>voluisse</strong></span> <span class='ocrx_word' id='word_1_37' title='bbox 1025 747 1142 806; x_wconf 86' lang='lat' dir='ltr'><strong>credere</strong></span> 
     </span>
    </p>

    <p class='ocr_par' dir='ltr' id='par_1_3' title="bbox 200 832 1141 1080">
     <span class='ocr_line' id='line_1_6' title="bbox 200 832 1141 910; baseline -0.006 -16"><span class='ocrx_word' id='word_1_38' title='bbox 200 836 217 894; x_wconf 79' lang='lat'>2</span> <span class='ocrx_word' id='word_1_39' title='bbox 235 833 393 894; x_wconf 82' lang='lat' dir='ltr'><strong>debeamus.</strong></span> <span class='ocrx_word' id='word_1_40' title='bbox 427 838 501 896; x_wconf 87' lang='lat' dir='ltr'><strong>Nam</strong></span> <span class='ocrx_word' id='word_1_41' title='bbox 526 837 574 908; x_wconf 90' lang='lat' dir='ltr'><strong>qui</strong></span> <span class='ocrx_word' id='word_1_42' title='bbox 587 885 588 896; x_wconf 70' lang='grc'>,</span> <span class='ocrx_word' id='word_1_43' title='bbox 598 837 735 908; x_wconf 79' lang='lat' dir='ltr'><strong>picturam</strong></span> <span class='ocrx_word' id='word_1_44' title='bbox 759 835 820 890; x_wconf 88' lang='lat' dir='ltr'><strong>vult</strong></span> <span class='ocrx_word' id='word_1_45' title='bbox 836 834 942 906; x_wconf 83' lang='lat' dir='ltr'><strong>facere,</strong></span> <span class='ocrx_word' id='word_1_46' title='bbox 968 835 1074 910; x_wconf 89' lang='lat' dir='ltr'><strong>aliquid</strong></span> <span class='ocrx_word' id='word_1_47' title='bbox 1091 832 1141 890; x_wconf 87' lang='lat' dir='ltr'><strong>eli-</strong></span> 
     </span>
     <span class='ocr_line' id='line_1_7' title="bbox 234 921 1140 994; baseline 0 -17"><span class='ocrx_word' id='word_1_48' title='bbox 234 923 276 994; x_wconf 83' lang='lat' dir='ltr'><strong>git</strong></span> <span class='ocrx_word' id='word_1_49' title='bbox 292 922 411 978; x_wconf 88' lang='lat' dir='ltr'><strong>solidum</strong></span> <span class='ocrx_word' id='word_1_50' title='bbox 428 939 512 993; x_wconf 88' lang='lat' dir='ltr'><strong>super</strong></span> <span class='ocrx_word' id='word_1_51' title='bbox 529 923 603 994; x_wconf 88' lang='lat' dir='ltr'><strong>qnod</strong></span> <span class='ocrx_word' id='word_1_52' title='bbox 622 923 737 993; x_wconf 86' lang='lat' dir='ltr'><strong>pingat,</strong></span> <span class='ocrx_word' id='word_1_53' title='bbox 763 927 795 976; x_wconf 90' lang='lat' dir='ltr'><strong>ut</strong></span> <span class='ocrx_word' id='word_1_54' title='bbox 816 926 928 978; x_wconf 87' lang='lat' dir='ltr'><strong>maneat</strong></span> <span class='ocrx_word' id='word_1_55' title='bbox 946 923 1021 993; x_wconf 92' lang='lat' dir='ltr'><strong>quod</strong></span> <span class='ocrx_word' id='word_1_56' title='bbox 1039 921 1140 994; x_wconf 79' lang='lat' dir='ltr'><strong>pingit</strong></span> 
     </span>
     <span class='ocr_line' id='line_1_8' title="bbox 233 1006 1141 1080; baseline 0.001 -17"><span class='ocrx_word' id='word_1_57' title='bbox 233 1008 322 1064; x_wconf 86' lang='lat' dir='ltr'><strong>Nemo</strong></span> <span class='ocrx_word' id='word_1_58' title='bbox 344 1007 418 1062; x_wconf 87' lang='lat' dir='ltr'><strong>enim</strong></span> <span class='ocrx_word' id='word_1_59' title='bbox 439 1007 533 1080; x_wconf 84' lang='lat' dir='ltr'><strong>pingit</strong></span> <span class='ocrx_word' id='word_1_60' title='bbox 556 1007 586 1062; x_wconf 90' lang='lat' dir='ltr'><strong>in</strong></span> <span class='ocrx_word' id='word_1_61' title='bbox 611 1022 684 1078; x_wconf 89' lang='lat' dir='ltr'><strong>aqua</strong></span> <span class='ocrx_word' id='word_1_62' title='bbox 708 1007 754 1063; x_wconf 87' lang='lat' dir='ltr'><strong>vel</strong></span> <span class='ocrx_word' id='word_1_63' title='bbox 775 1007 805 1062; x_wconf 92' lang='lat' dir='ltr'><strong>in</strong></span> <span class='ocrx_word' id='word_1_64' title='bbox 822 1008 897 1077; x_wconf 79' lang='lat' dir='ltr'><strong>a&#39;e‘re,</strong></span> <span class='ocrx_word' id='word_1_65' title='bbox 922 1006 989 1079; x_wconf 88' lang='lat' dir='ltr'><strong>quia</strong></span> <span class='ocrx_word' id='word_1_66' title='bbox 1006 1007 1046 1064; x_wconf 90' lang='lat' dir='ltr'><strong>ibi</strong></span> <span class='ocrx_word' id='word_1_67' title='bbox 1061 1007 1141 1064; x_wconf 85' lang='lat' dir='ltr'><strong>nulla</strong></span> 
     </span>
    </p>

    <p class='ocr_par' dir='ltr' id='par_1_4' title="bbox 200 1090 1141 1422">
     <span class='ocr_line' id='line_1_9' title="bbox 200 1090 1140 1165; baseline 0.003 -19"><span class='ocrx_word' id='word_1_68' title='bbox 200 1095 348 1148; x_wconf 78' lang='lat' dir='ltr'><strong>emanent</strong></span> <span class='ocrx_word' id='word_1_69' title='bbox 369 1094 497 1165; x_wconf 78' lang='lat' dir='ltr'><strong>picturae</strong></span> <span class='ocrx_word' id='word_1_70' title='bbox 521 1090 648 1165; x_wconf 82' lang='lat' dir='ltr'><strong>vestigia.</strong></span> <span class='ocrx_word' id='word_1_71' title='bbox 684 1092 860 1165; x_wconf 78' lang='lat' dir='ltr'><strong>Quapropter</strong></span> <span class='ocrx_word' id='word_1_72' title='bbox 881 1109 945 1148; x_wconf 90' lang='lat' dir='ltr'><strong>cum</strong></span> <span class='ocrx_word' id='word_1_73' title='bbox 970 1091 1022 1147; x_wconf 89' lang='lat' dir='ltr'><strong>has</strong></span> <span class='ocrx_word' id='word_1_74' title='bbox 1041 1109 1140 1150; x_wconf 82' lang='lat' dir='ltr'><strong>conve·</strong></span> 
     </span>
     <span class='ocr_line' id='line_1_10' title="bbox 233 1177 1140 1250; baseline 0.006 -18"><span class='ocrx_word' id='word_1_75' title='bbox 233 1177 352 1234; x_wconf 86' lang='lat' dir='ltr'><strong>nientias</strong></span> <span class='ocrx_word' id='word_1_76' title='bbox 376 1195 446 1250; x_wconf 87' lang='lat' dir='ltr'><strong>quas</strong></span> <span class='ocrx_word' id='word_1_77' title='bbox 473 1178 543 1234; x_wconf 89' lang='lat' dir='ltr'><strong>dicis</strong></span> <span class='ocrx_word' id='word_1_78' title='bbox 556 1177 726 1234; x_wconf 84' lang='lat' dir='ltr'><strong>infidelibus</strong></span> <span class='ocrx_word' id='word_1_79' title='bbox 751 1177 831 1250; x_wconf 86' lang='lat' dir='ltr'><strong>quasi</strong></span> <span class='ocrx_word' id='word_1_80' title='bbox 854 1177 989 1249; x_wconf 85' lang='lat' dir='ltr'><strong>quasdam</strong></span> <span class='ocrx_word' id='word_1_81' title='bbox 1016 1179 1140 1249; x_wconf 85' lang='lat' dir='ltr'><strong>picturas</strong></span> 
     </span>
     <span class='ocr_line' id='line_1_11' title="bbox 234 1261 1141 1335; baseline 0.003 -18"><span class='ocrx_word' id='word_1_82' title='bbox 234 1261 275 1318; x_wconf 87' lang='lat' dir='ltr'><strong>rei</strong></span> <span class='ocrx_word' id='word_1_83' title='bbox 300 1270 398 1334; x_wconf 82' lang='lat' dir='ltr'><strong>gestae</strong></span> <span class='ocrx_word' id='word_1_84' title='bbox 427 1263 616 1334; x_wconf 74' lang='lat' dir='ltr'><strong>obtendimus,</strong></span> <span class='ocrx_word' id='word_1_85' title='bbox 642 1263 772 1335; x_wconf 85' lang='lat' dir='ltr'><strong>quoniam</strong></span> <span class='ocrx_word' id='word_1_86' title='bbox 799 1280 856 1318; x_wconf 91' lang='lat' dir='ltr'><strong>non</strong></span> <span class='ocrx_word' id='word_1_87' title='bbox 877 1281 936 1320; x_wconf 87' lang='lat' dir='ltr'><strong>rem</strong></span> <span class='ocrx_word' id='word_1_88' title='bbox 962 1268 1070 1334; x_wconf 85' lang='lat' dir='ltr'><strong>gestam</strong></span> <span class='ocrx_word' id='word_1_89' title='bbox 1090 1264 1141 1321; x_wconf 88' lang='lat' dir='ltr'><strong>sed</strong></span> 
     </span>
     <span class='ocr_line' id='line_1_12' title="bbox 234 1347 1141 1422; baseline 0.002 -20"><span class='ocrx_word' id='word_1_90' title='bbox 234 1347 398 1420; x_wconf 79' lang='lat' dir='ltr'><strong>figmentum</strong></span> <span class='ocrx_word' id='word_1_91' title='bbox 415 1349 585 1412; x_wconf 82' lang='lat' dir='ltr'><strong>arbitrantur</strong></span> <span class='ocrx_word' id='word_1_92' title='bbox 602 1365 678 1419; x_wconf 89' lang='lat' dir='ltr'><strong>esse,</strong></span> <span class='ocrx_word' id='word_1_93' title='bbox 705 1348 780 1422; x_wconf 87' lang='lat' dir='ltr'><strong>quod</strong></span> <span class='ocrx_word' id='word_1_94' title='bbox 804 1348 941 1404; x_wconf 89' lang='lat' dir='ltr'><strong>credimus</strong></span> <span class='ocrx_word' id='word_1_95' title='bbox 959 1347 1040 1420; x_wconf 80' lang='lat' dir='ltr'><strong>quasi</strong></span> <span class='ocrx_word' id='word_1_96' title='bbox 1056 1365 1141 1419; x_wconf 88' lang='lat' dir='ltr'><strong>super</strong></span> 
     </span>
    </p>

    <p class='ocr_par' dir='ltr' id='par_1_5' title="bbox 201 1435 1143 2276">
     <span class='ocr_line' id='line_1_13' title="bbox 201 1435 1142 1509; baseline 0.002 -21"><span class='ocrx_word' id='word_1_97' title='bbox 201 1435 338 1490; x_wconf 75' lang='lat' dir='ltr'><strong>inubem</strong></span> <span class='ocrx_word' id='word_1_98' title='bbox 364 1435 482 1509; x_wconf 84' lang='lat' dir='ltr'><strong>pingere</strong></span> <span class='ocrx_word' id='word_1_99' title='bbox 507 1455 559 1494; x_wconf 90' lang='lat' dir='ltr'><strong>nos</strong></span> <span class='ocrx_word' id='word_1_100' title='bbox 585 1436 751 1495; x_wconf 84' lang='lat' dir='ltr'><strong>existimant.</strong></span> <span class='ocrx_word' id='word_1_101' title='bbox 799 1435 982 1490; x_wconf 87' lang='lat' dir='ltr'><strong>Monstranda</strong></span> <span class='ocrx_word' id='word_1_102' title='bbox 1007 1441 1050 1490; x_wconf 86' lang='lat' dir='ltr'><strong>eet</strong></span> <span class='ocrx_word' id='word_1_103' title='bbox 1074 1451 1142 1506; x_wconf 84' lang='lat' dir='ltr'><strong>ergo</strong></span> 
     </span>
     <span class='ocr_line' id='line_1_14' title="bbox 234 1519 1141 1592; baseline -0.003 -16"><span class='ocrx_word' id='word_1_104' title='bbox 234 1520 311 1592; x_wconf 88' lang='lat' dir='ltr'><strong>prius</strong></span> <span class='ocrx_word' id='word_1_105' title='bbox 350 1521 475 1580; x_wconf 83' lang='lat' dir='ltr'><strong>veritatis</strong></span> <span class='ocrx_word' id='word_1_106' title='bbox 510 1522 684 1581; x_wconf 84' lang='lat' dir='ltr'><strong>rationabilis</strong></span> <span class='ocrx_word' id='word_1_107' title='bbox 719 1521 845 1578; x_wconf 88' lang='lat' dir='ltr'><strong>soliditas</strong></span> <span class='ocrx_word' id='word_1_108' title='bbox 879 1521 897 1576; x_wconf 92' lang='lat' dir='ltr'><strong>i.</strong></span> <span class='ocrx_word' id='word_1_109' title='bbox 929 1537 952 1577; x_wconf 90' lang='lat' dir='ltr'><strong>e.</strong></span> <span class='ocrx_word' id='word_1_110' title='bbox 981 1519 1141 1590; x_wconf 73' lang='lat' dir='ltr'><strong>necessitas,</strong></span> 
     </span>
     <span class='ocr_line' id='line_1_15' title="bbox 235 1605 1142 1680; baseline -0.001 -16"><span class='ocrx_word' id='word_1_111' title='bbox 235 1624 306 1680; x_wconf 83' lang='lat' dir='ltr'><strong>quae</strong></span> <span class='ocrx_word' id='word_1_112' title='bbox 332 1609 433 1679; x_wconf 86' lang='lat' dir='ltr'><strong>probet</strong></span> <span class='ocrx_word' id='word_1_113' title='bbox 457 1606 550 1663; x_wconf 92' lang='lat' dir='ltr'><strong>Deum</strong></span> <span class='ocrx_word' id='word_1_114' title='bbox 575 1609 613 1662; x_wconf 91' lang='lat' dir='ltr'><strong>ad</strong></span> <span class='ocrx_word' id='word_1_115' title='bbox 638 1625 672 1663; x_wconf 86' lang='lat' dir='ltr'><strong>ea</strong></span> <span class='ocrx_word' id='word_1_116' title='bbox 697 1622 769 1679; x_wconf 88' lang='lat' dir='ltr'><strong>quae</strong></span> <span class='ocrx_word' id='word_1_117' title='bbox 795 1605 988 1677; x_wconf 84' lang='lat' dir='ltr'><strong>praedicamus</strong></span> <span class='ocrx_word' id='word_1_118' title='bbox 1012 1605 1142 1663; x_wconf 80' lang='lat' dir='ltr'><strong>debuisse</strong></span> 
     </span>
     <span class='ocr_line' id='line_1_16' title="bbox 202 1682 1142 1766; baseline -0.006 -14"><span class='ocrx_word' id='word_1_119' title='bbox 202 1698 285 1752; x_wconf 74' lang='lat' dir='ltr'><strong>baut</strong></span> <span class='ocrx_word' id='word_1_120' title='bbox 308 1691 432 1763; x_wconf 83' lang='lat' dir='ltr'><strong>potuisse</strong></span> <span class='ocrx_word' id='word_1_121' title='bbox 452 1692 600 1750; x_wconf 83' lang='lat' dir='ltr'><strong>humiliari.</strong></span> <span class='ocrx_word' id='word_1_122' title='bbox 630 1682 745 1766; x_wconf 40' lang='lat' dir='ltr'><strong>[Deinde</strong></span> <span class='ocrx_word' id='word_1_123' title='bbox 767 1695 800 1746; x_wconf 92' lang='lat' dir='ltr'><strong>ut</strong></span> <span class='ocrx_word' id='word_1_124' title='bbox 824 1691 916 1764; x_wconf 87' lang='lat' dir='ltr'><strong>ipsum</strong></span> <span class='ocrx_word' id='word_1_125' title='bbox 938 1690 1019 1763; x_wconf 84' lang='lat' dir='ltr'><strong>quasi</strong></span> <span class='ocrx_word' id='word_1_126' title='bbox 1040 1707 1142 1760; x_wconf 84' lang='lat' dir='ltr'><strong>corpus</strong></span> 
     </span>
     <span class='ocr_line' id='line_1_17' title="bbox 235 1775 1142 1848; baseline 0.002 -18"><span class='ocrx_word' id='word_1_127' title='bbox 235 1775 360 1832; x_wconf 85' lang='lat' dir='ltr'><strong>veritatis</strong></span> <span class='ocrx_word' id='word_1_128' title='bbox 384 1776 449 1847; x_wconf 92' lang='lat' dir='ltr'><strong>plus</strong></span> <span class='ocrx_word' id='word_1_129' title='bbox 474 1778 575 1846; x_wconf 84' lang='lat' dir='ltr'><strong>niteat,</strong></span> <span class='ocrx_word' id='word_1_130' title='bbox 599 1776 670 1832; x_wconf 84' lang='lat' dir='ltr'><strong>istae</strong></span> <span class='ocrx_word' id='word_1_131' title='bbox 692 1775 900 1832; x_wconf 88' lang='lat' dir='ltr'><strong>convenientiae</strong></span> <span class='ocrx_word' id='word_1_132' title='bbox 919 1777 1000 1848; x_wconf 87' lang='lat' dir='ltr'><strong>quasi</strong></span> <span class='ocrx_word' id='word_1_133' title='bbox 1016 1777 1142 1848; x_wconf 85' lang='lat' dir='ltr'><strong>picturae</strong></span> 
     </span>
     <span class='ocr_line' id='line_1_18' title="bbox 202 1855 1143 1933; baseline -0.002 -13"><span class='ocrx_word' id='word_1_134' title='bbox 202 1862 357 1932; x_wconf 78' lang='lat' dir='ltr'><strong>dcorporis</strong></span> <span class='ocrx_word' id='word_1_135' title='bbox 390 1868 455 1917; x_wconf 89' lang='lat' dir='ltr'><strong>sunt</strong></span> <span class='ocrx_word' id='word_1_136' title='bbox 485 1855 673 1933; x_wconf 82' lang='lat' dir='ltr'><strong>exponendae.</strong></span> <span class='ocrx_word' id='word_1_137' title='bbox 718 1863 787 1916; x_wconf 80' lang='lat' dir='ltr'><strong>Aur.</strong></span> <span class='ocrx_word' id='word_1_138' title='bbox 827 1861 927 1918; x_wconf 85' lang='lat' dir='ltr'><strong>Nonne</strong></span> <span class='ocrx_word' id='word_1_139' title='bbox 955 1862 1027 1916; x_wconf 79' lang='lat' dir='ltr'><strong>satis</strong></span> <span class='ocrx_word' id='word_1_140' title='bbox 1047 1879 1143 1920; x_wconf 85' lang='lat' dir='ltr'><strong>neces·</strong></span> 
     </span>
     <span class='ocr_line' id='line_1_19' title="bbox 235 1945 1143 2020; baseline 0 -16"><span class='ocrx_word' id='word_1_141' title='bbox 235 1947 310 2007; x_wconf 86' lang='lat' dir='ltr'><strong>saria</strong></span> <span class='ocrx_word' id='word_1_142' title='bbox 332 1948 404 2004; x_wconf 83' lang='lat' dir='ltr'><strong>ratio</strong></span> <span class='ocrx_word' id='word_1_143' title='bbox 426 1945 551 2018; x_wconf 81' lang='lat' dir='ltr'><strong>ridetur,</strong></span> <span class='ocrx_word' id='word_1_144' title='bbox 573 1963 623 2002; x_wconf 87' lang='lat' dir='ltr'><strong>cur</strong></span> <span class='ocrx_word' id='word_1_145' title='bbox 648 1947 726 2009; x_wconf 84' lang='lat' dir='ltr'><strong>Deus</strong></span> <span class='ocrx_word' id='word_1_146' title='bbox 752 1963 786 2004; x_wconf 89' lang='lat' dir='ltr'><strong>ea</strong></span> <span class='ocrx_word' id='word_1_147' title='bbox 810 1964 883 2020; x_wconf 89' lang='lat' dir='ltr'><strong>quae</strong></span> <span class='ocrx_word' id='word_1_148' title='bbox 908 1945 1027 2004; x_wconf 86' lang='lat' dir='ltr'><strong>dicimus</strong></span> <span class='ocrx_word' id='word_1_149' title='bbox 1049 1947 1143 2006; x_wconf 81' lang='lat' dir='ltr'><strong>lacere</strong></span> 
     </span>
     <span class='ocr_line' id='line_1_20' title="bbox 236 2032 1142 2111; baseline 0.002 -24"><span class='ocrx_word' id='word_1_150' title='bbox 236 2033 376 2088; x_wconf 83' lang='lat' dir='ltr'><strong>debuerit:</strong></span> <span class='ocrx_word' id='word_1_151' title='bbox 403 2033 470 2105; x_wconf 90' lang='lat' dir='ltr'><strong>quia</strong></span> <span class='ocrx_word' id='word_1_152' title='bbox 488 2049 578 2105; x_wconf 86' lang='lat' dir='ltr'><strong>genus</strong></span> <span class='ocrx_word' id='word_1_153' title='bbox 593 2032 759 2103; x_wconf 88' lang='lat' dir='ltr'><strong>humanum,</strong></span> <span class='ocrx_word' id='word_1_154' title='bbox 784 2039 844 2088; x_wconf 86' lang='lat' dir='ltr'><strong>tam</strong></span> <span class='ocrx_word' id='word_1_155' title='bbox 866 2032 972 2088; x_wconf 89' lang='lat' dir='ltr'><strong>scilicet</strong></span> <span class='ocrx_word' id='word_1_156' title='bbox 989 2033 1142 2111; x_wconf 81' lang='lat' dir='ltr'><strong>pretiosum</strong></span> 
     </span>
     <span class='ocr_line' id='line_1_21' title="bbox 236 2117 1142 2207; baseline 0.002 -35"><span class='ocrx_word' id='word_1_157' title='bbox 236 2134 306 2188; x_wconf 89' lang='lat' dir='ltr'><strong>opus</strong></span> <span class='ocrx_word' id='word_1_158' title='bbox 325 2117 401 2184; x_wconf 89' lang='lat' dir='ltr'><strong>eins,</strong></span> <span class='ocrx_word' id='word_1_159' title='bbox 425 2119 536 2175; x_wconf 90' lang='lat' dir='ltr'><strong>omnino</strong></span> <span class='ocrx_word' id='word_1_160' title='bbox 559 2118 686 2207; x_wconf 67' lang='lat' dir='ltr'><strong>perierat,</strong></span> <span class='ocrx_word' id='word_1_161' title='bbox 698 2137 750 2176; x_wconf 88' lang='lat' dir='ltr'><strong>nec</strong></span> <span class='ocrx_word' id='word_1_162' title='bbox 768 2117 900 2188; x_wconf 88' lang='lat' dir='ltr'><strong>decebat,</strong></span> <span class='ocrx_word' id='word_1_163' title='bbox 920 2123 955 2174; x_wconf 70' lang='lat' dir='ltr'><strong>,ut</strong></span> <span class='ocrx_word' id='word_1_164' title='bbox 972 2118 1047 2189; x_wconf 89' lang='lat' dir='ltr'><strong>quod</strong></span> <span class='ocrx_word' id='word_1_165' title='bbox 1063 2119 1142 2175; x_wconf 88' lang='lat' dir='ltr'><strong>Dens</strong></span> 
     </span>
     <span class='ocr_line' id='line_1_22' title="bbox 236 2201 1141 2276; baseline 0.001 -18"><span class='ocrx_word' id='word_1_166' title='bbox 236 2203 271 2262; x_wconf 83' lang='lat' dir='ltr'><strong>da</strong></span> <span class='ocrx_word' id='word_1_167' title='bbox 288 2203 400 2260; x_wconf 87' lang='lat' dir='ltr'><strong>homine</strong></span> <span class='ocrx_word' id='word_1_168' title='bbox 417 2209 607 2276; x_wconf 73' lang='lat' dir='ltr'><strong>proposuerat,</strong></span> <span class='ocrx_word' id='word_1_169' title='bbox 625 2204 736 2275; x_wconf 89' lang='lat' dir='ltr'><strong>penitus</strong></span> <span class='ocrx_word' id='word_1_170' title='bbox 756 2201 973 2273; x_wconf 69' lang='lat' dir='ltr'><strong>annihilaretur,</strong></span> <span class='ocrx_word' id='word_1_171' title='bbox 995 2221 1049 2259; x_wconf 91' lang='lat' dir='ltr'><strong>nec</strong></span> <span class='ocrx_word' id='word_1_172' title='bbox 1066 2203 1141 2260; x_wconf 89' lang='lat' dir='ltr'><strong>idem</strong></span> 
     </span>
    </p>

    <p class='ocr_par' dir='ltr' id='par_1_6' title="bbox 153 2282 1144 2362">
     <span class='ocr_line' id='line_1_23' title="bbox 153 2282 1144 2362; baseline 0.002 -18"><span class='ocrx_word' id='word_1_173' title='bbox 153 2282 156 2287; x_wconf 73' lang='grc'><strong>’</strong></span> <span class='ocrx_word' id='word_1_174' title='bbox 236 2287 294 2344; x_wconf 87' lang='lat' dir='ltr'><strong>eius</strong></span> <span class='ocrx_word' id='word_1_175' title='bbox 319 2287 493 2361; x_wconf 87' lang='lat' dir='ltr'><strong>propositum</strong></span> <span class='ocrx_word' id='word_1_176' title='bbox 516 2290 554 2345; x_wconf 88' lang='lat' dir='ltr'><strong>ad</strong></span> <span class='ocrx_word' id='word_1_177' title='bbox 580 2289 709 2345; x_wconf 82' lang='lat' dir='ltr'><strong>effectum</strong></span> <span class='ocrx_word' id='word_1_178' title='bbox 734 2287 799 2343; x_wconf 88' lang='lat' dir='ltr'><strong>duci</strong></span> <span class='ocrx_word' id='word_1_179' title='bbox 822 2293 947 2358; x_wconf 88' lang='lat' dir='ltr'><strong>poterat,</strong></span> <span class='ocrx_word' id='word_1_180' title='bbox 973 2289 1028 2345; x_wconf 89' lang='lat' dir='ltr'><strong>nisi</strong></span> <span class='ocrx_word' id='word_1_181' title='bbox 1052 2305 1144 2362; x_wconf 82' lang='lat' dir='ltr'><strong>genus</strong></span> 
     </span>
    </p>

    <p class='ocr_par' dir='ltr' id='par_1_7' title="bbox 234 2373 927 2446">
     <span class='ocr_line' id='line_1_24' title="bbox 234 2373 927 2446; baseline 0.001 -18"><span class='ocrx_word' id='word_1_182' title='bbox 234 2373 386 2430; x_wconf 88' lang='lat' dir='ltr'><strong>humanum</strong></span> <span class='ocrx_word' id='word_1_183' title='bbox 402 2374 439 2430; x_wconf 77' lang='lat' dir='ltr'><strong>ab</strong></span> <span class='ocrx_word' id='word_1_184' title='bbox 456 2374 517 2446; x_wconf 86' lang='lat' dir='ltr'><strong>ipso</strong></span> <span class='ocrx_word' id='word_1_185' title='bbox 535 2379 659 2431; x_wconf 87' lang='lat' dir='ltr'><strong>creatore</strong></span> <span class='ocrx_word' id='word_1_186' title='bbox 676 2390 726 2430; x_wconf 89' lang='lat' dir='ltr'><strong>sno</strong></span> <span class='ocrx_word' id='word_1_187' title='bbox 742 2373 927 2429; x_wconf 82' lang='lat' dir='ltr'><strong>liberaretur?</strong></span> 
     </span>
    </p>
   </div>
   <div class='ocr_carea' id='block_1_3' title="bbox 202 2495 1144 3362">
    <p class='ocr_par' dir='ltr' id='par_1_8' title="bbox 204 2495 1143 2769">
     <span class='ocr_line' id='line_1_25' title="bbox 204 2495 1143 2600; baseline 0.005 -23"><span class='ocrx_word' id='word_1_188' title='bbox 204 2527 217 2577; x_wconf 88' lang='lat'>1</span> <span class='ocrx_word' id='word_1_189' title='bbox 314 2495 356 2579; x_wconf 72' lang='lat'><strong>50</strong></span> <span class='ocrx_word' id='word_1_190' title='bbox 404 2529 473 2584; x_wconf 79' lang='lat' dir='ltr'><strong>Bos.</strong></span> <span class='ocrx_word' id='word_1_191' title='bbox 507 2525 587 2582; x_wconf 84' lang='lat' dir='ltr'><strong>Haec</strong></span> <span class='ocrx_word' id='word_1_192' title='bbox 609 2526 671 2600; x_wconf 90' lang='lat' dir='ltr'><strong>ipsa</strong></span> <span class='ocrx_word' id='word_1_193' title='bbox 691 2525 819 2584; x_wconf 88' lang='lat' dir='ltr'><strong>liberatio</strong></span> <span class='ocrx_word' id='word_1_194' title='bbox 847 2527 871 2580; x_wconf 90' lang='lat' dir='ltr'><strong>si</strong></span> <span class='ocrx_word' id='word_1_195' title='bbox 888 2543 938 2598; x_wconf 91' lang='lat' dir='ltr'><strong>per</strong></span> <span class='ocrx_word' id='word_1_196' title='bbox 955 2526 1040 2586; x_wconf 89' lang='lat' dir='ltr'><strong>aliam</strong></span> <span class='ocrx_word' id='word_1_197' title='bbox 1058 2543 1143 2598; x_wconf 87' lang='lat' dir='ltr'><strong>quam</strong></span> 
     </span>
     <span class='ocr_line' id='line_1_26' title="bbox 235 2610 1142 2686; baseline 0.001 -20"><span class='ocrx_word' id='word_1_198' title='bbox 235 2627 287 2681; x_wconf 85' lang='lat' dir='ltr'><strong>por</strong></span> <span class='ocrx_word' id='word_1_199' title='bbox 306 2610 361 2666; x_wconf 91' lang='lat' dir='ltr'><strong>Dei</strong></span> <span class='ocrx_word' id='word_1_200' title='bbox 379 2629 528 2683; x_wconf 87' lang='lat' dir='ltr'><strong>personam</strong></span> <span class='ocrx_word' id='word_1_201' title='bbox 546 2612 614 2680; x_wconf 85' lang='lat' dir='ltr'><strong>(sive</strong></span> <span class='ocrx_word' id='word_1_202' title='bbox 631 2630 682 2684; x_wconf 91' lang='lat' dir='ltr'><strong>per</strong></span> <span class='ocrx_word' id='word_1_203' title='bbox 702 2612 834 2686; x_wconf 83' lang='lat' dir='ltr'><strong>angelum</strong></span> <span class='ocrx_word' id='word_1_204' title='bbox 851 2612 910 2668; x_wconf 89' lang='lat' dir='ltr'><strong>sive</strong></span> <span class='ocrx_word' id='word_1_205' title='bbox 927 2629 978 2683; x_wconf 89' lang='lat' dir='ltr'><strong>per</strong></span> <span class='ocrx_word' id='word_1_206' title='bbox 990 2612 1142 2680; x_wconf 88' lang='lat' dir='ltr'><strong>hominem)</strong></span> 
     </span>
     <span class='ocr_line' id='line_1_27' title="bbox 237 2694 1143 2769; baseline 0.001 -17"><span class='ocrx_word' id='word_1_207' title='bbox 237 2711 297 2752; x_wconf 88' lang='lat' dir='ltr'><strong>esse</strong></span> <span class='ocrx_word' id='word_1_208' title='bbox 321 2694 398 2750; x_wconf 84' lang='lat' dir='ltr'><strong>facta</strong></span> <span class='ocrx_word' id='word_1_209' title='bbox 422 2696 547 2767; x_wconf 84' lang='lat' dir='ltr'><strong>quolibet</strong></span> <span class='ocrx_word' id='word_1_210' title='bbox 570 2697 653 2754; x_wconf 90' lang='lat' dir='ltr'><strong>modo</strong></span> <span class='ocrx_word' id='word_1_211' title='bbox 676 2697 828 2769; x_wconf 87' lang='lat' dir='ltr'><strong>diceretur,</strong></span> <span class='ocrx_word' id='word_1_212' title='bbox 852 2715 930 2752; x_wconf 88' lang='lat' dir='ltr'><strong>mens</strong></span> <span class='ocrx_word' id='word_1_213' title='bbox 950 2695 1072 2750; x_wconf 88' lang='lat' dir='ltr'><strong>humana</strong></span> <span class='ocrx_word' id='word_1_214' title='bbox 1088 2694 1143 2754; x_wconf 88' lang='lat' dir='ltr'><strong>hoc</strong></span> 
     </span>
    </p>

    <p class='ocr_par' dir='ltr' id='par_1_9' title="bbox 203 2777 1143 3026">
     <span class='ocr_line' id='line_1_28' title="bbox 203 2777 1143 2853; baseline 0.006 -23"><span class='ocrx_word' id='word_1_215' title='bbox 203 2777 218 2830; x_wconf 81' lang='lat'>2</span> <span class='ocrx_word' id='word_1_216' title='bbox 236 2778 325 2834; x_wconf 90' lang='lat' dir='ltr'><strong>multo</strong></span> <span class='ocrx_word' id='word_1_217' title='bbox 344 2778 518 2838; x_wconf 87' lang='lat' dir='ltr'><strong>tolerabilius</strong></span> <span class='ocrx_word' id='word_1_218' title='bbox 537 2781 683 2853; x_wconf 87' lang='lat' dir='ltr'><strong>acciperet.</strong></span> <span class='ocrx_word' id='word_1_219' title='bbox 714 2783 811 2840; x_wconf 87' lang='lat' dir='ltr'><strong>Potuit</strong></span> <span class='ocrx_word' id='word_1_220' title='bbox 827 2783 903 2838; x_wconf 90' lang='lat' dir='ltr'><strong>enim</strong></span> <span class='ocrx_word' id='word_1_221' title='bbox 913 2781 991 2835; x_wconf 91' lang='lat' dir='ltr'><strong>Deus</strong></span> <span class='ocrx_word' id='word_1_222' title='bbox 1002 2780 1143 2836; x_wconf 89' lang='lat' dir='ltr'><strong>hominem</strong></span> 
     </span>
     <span class='ocr_line' id='line_1_29' title="bbox 237 2863 1142 2938; baseline 0.002 -16"><span class='ocrx_word' id='word_1_223' title='bbox 237 2863 358 2938; x_wconf 81' lang='lat' dir='ltr'><strong>aliquem</strong></span> <span class='ocrx_word' id='word_1_224' title='bbox 383 2863 475 2921; x_wconf 87' lang='lat' dir='ltr'><strong>facere</strong></span> <span class='ocrx_word' id='word_1_225' title='bbox 499 2865 559 2921; x_wconf 89' lang='lat' dir='ltr'><strong>sine</strong></span> <span class='ocrx_word' id='word_1_226' title='bbox 581 2873 711 2938; x_wconf 85' lang='lat' dir='ltr'><strong>peccato,</strong></span> <span class='ocrx_word' id='word_1_227' title='bbox 735 2885 792 2924; x_wconf 86' lang='lat' dir='ltr'><strong>non</strong></span> <span class='ocrx_word' id='word_1_228' title='bbox 815 2868 850 2922; x_wconf 91' lang='lat' dir='ltr'><strong>de</strong></span> <span class='ocrx_word' id='word_1_229' title='bbox 872 2883 965 2921; x_wconf 84' lang='lat' dir='ltr'><strong>massa</strong></span> <span class='ocrx_word' id='word_1_230' title='bbox 985 2868 1142 2938; x_wconf 84' lang='lat' dir='ltr'><strong>peccatrice</strong></span> 
     </span>
     <span class='ocr_line' id='line_1_30' title="bbox 236 2949 1143 3026; baseline 0.007 -21"><span class='ocrx_word' id='word_1_231' title='bbox 236 2967 288 3007; x_wconf 91' lang='lat' dir='ltr'><strong>nec</strong></span> <span class='ocrx_word' id='word_1_232' title='bbox 306 2949 341 3006; x_wconf 90' lang='lat' dir='ltr'><strong>de</strong></span> <span class='ocrx_word' id='word_1_233' title='bbox 359 2949 454 3022; x_wconf 89' lang='lat' dir='ltr'><strong>aliquo</strong></span> <span class='ocrx_word' id='word_1_234' title='bbox 471 2949 595 3020; x_wconf 90' lang='lat' dir='ltr'><strong>homine,</strong></span> <span class='ocrx_word' id='word_1_235' title='bbox 616 2953 666 3007; x_wconf 87' lang='lat' dir='ltr'><strong>sed</strong></span> <span class='ocrx_word' id='word_1_236' title='bbox 685 2953 756 3007; x_wconf 86' lang='lat' dir='ltr'><strong>sicut</strong></span> <span class='ocrx_word' id='word_1_237' title='bbox 772 2950 841 3007; x_wconf 84' lang='lat' dir='ltr'><strong>fecit</strong></span> <span class='ocrx_word' id='word_1_238' title='bbox 858 2951 966 3022; x_wconf 85' lang='lat' dir='ltr'><strong>Adam,</strong></span> <span class='ocrx_word' id='word_1_239' title='bbox 991 2968 1143 3026; x_wconf 88' lang='lat' dir='ltr'><strong>perquem</strong></span> 
     </span>
    </p>

    <p class='ocr_par' dir='ltr' id='par_1_10' title="bbox 203 3034 1143 3277">
     <span class='ocr_line' id='line_1_31' title="bbox 203 3034 1142 3110; baseline 0.006 -20"><span class='ocrx_word' id='word_1_240' title='bbox 203 3034 287 3092; x_wconf 70' lang='lat' dir='ltr'><strong>thoe</strong></span> <span class='ocrx_word' id='word_1_241' title='bbox 309 3036 401 3108; x_wconf 90' lang='lat' dir='ltr'><strong>ipsum</strong></span> <span class='ocrx_word' id='word_1_242' title='bbox 424 3052 494 3106; x_wconf 89' lang='lat' dir='ltr'><strong>opus</strong></span> <span class='ocrx_word' id='word_1_243' title='bbox 516 3036 576 3092; x_wconf 87' lang='lat' dir='ltr'><strong>fieri</strong></span> <span class='ocrx_word' id='word_1_244' title='bbox 595 3038 719 3110; x_wconf 87' lang='lat' dir='ltr'><strong>potuisse</strong></span> <span class='ocrx_word' id='word_1_245' title='bbox 736 3038 852 3092; x_wconf 69' lang='lat' dir='ltr'><strong>udatur.</strong></span> <span class='ocrx_word' id='word_1_246' title='bbox 887 3038 957 3093; x_wconf 80' lang='lat' dir='ltr'><strong>Aur.</strong></span> <span class='ocrx_word' id='word_1_247' title='bbox 982 3037 1085 3095; x_wconf 88' lang='lat' dir='ltr'><strong>Annon</strong></span> <span class='ocrx_word' id='word_1_248' title='bbox 1101 3041 1142 3095; x_wconf 90' lang='lat' dir='ltr'><strong>in·</strong></span> 
     </span>
     <span class='ocr_line' id='line_1_32' title="bbox 235 3120 1143 3194; baseline 0.007 -18"><span class='ocrx_word' id='word_1_249' title='bbox 235 3121 349 3194; x_wconf 81' lang='lat' dir='ltr'><strong>telligis,</strong></span> <span class='ocrx_word' id='word_1_250' title='bbox 366 3121 439 3194; x_wconf 85' lang='lat' dir='ltr'><strong>quia,</strong></span> <span class='ocrx_word' id='word_1_251' title='bbox 457 3137 639 3194; x_wconf 87' lang='lat' dir='ltr'><strong>quaecunque</strong></span> <span class='ocrx_word' id='word_1_252' title='bbox 656 3122 712 3178; x_wconf 88' lang='lat' dir='ltr'><strong>alia</strong></span> <span class='ocrx_word' id='word_1_253' title='bbox 729 3137 849 3192; x_wconf 89' lang='lat' dir='ltr'><strong>persona</strong></span> <span class='ocrx_word' id='word_1_254' title='bbox 864 3120 1003 3180; x_wconf 88' lang='lat' dir='ltr'><strong>hominem</strong></span> <span class='ocrx_word' id='word_1_255' title='bbox 1019 3141 1038 3180; x_wconf 90' lang='lat' dir='ltr'><strong>a</strong></span> <span class='ocrx_word' id='word_1_256' title='bbox 1055 3129 1143 3182; x_wconf 81' lang='lat' dir='ltr'><strong>morte</strong></span> 
     </span>
     <span class='ocr_line' id='line_1_33' title="bbox 236 3205 1143 3277; baseline 0.004 -16"><span class='ocrx_word' id='word_1_257' title='bbox 236 3211 351 3262; x_wconf 82' lang='lat' dir='ltr'><strong>aeterna</strong></span> <span class='ocrx_word' id='word_1_258' title='bbox 371 3207 531 3277; x_wconf 89' lang='lat' dir='ltr'><strong>redimeret,</strong></span> <span class='ocrx_word' id='word_1_259' title='bbox 556 3206 615 3264; x_wconf 88' lang='lat' dir='ltr'><strong>eius</strong></span> <span class='ocrx_word' id='word_1_260' title='bbox 642 3224 736 3262; x_wconf 88' lang='lat' dir='ltr'><strong>servus</strong></span> <span class='ocrx_word' id='word_1_261' title='bbox 753 3205 827 3263; x_wconf 78' lang='lat' dir='ltr'><strong>idem</strong></span> <span class='ocrx_word' id='word_1_262' title='bbox 845 3207 927 3266; x_wconf 91' lang='lat' dir='ltr'><strong>homo</strong></span> <span class='ocrx_word' id='word_1_263' title='bbox 944 3217 1020 3268; x_wconf 89' lang='lat' dir='ltr'><strong>recte</strong></span> <span class='ocrx_word' id='word_1_264' title='bbox 1037 3211 1143 3266; x_wconf 88' lang='lat' dir='ltr'><strong>iudica·</strong></span> 
     </span>
    </p>

    <p class='ocr_par' dir='ltr' id='par_1_11' title="bbox 202 3289 1144 3362">
     <span class='ocr_line' id='line_1_34' title="bbox 202 3289 1144 3362; baseline 0 -14"><span class='ocrx_word' id='word_1_265' title='bbox 202 3289 332 3348; x_wconf 72' lang='lat' dir='ltr'><strong>iretrrr?</strong></span> <span class='ocrx_word' id='word_1_266' title='bbox 372 3291 455 3356; x_wconf 82' lang='lat' dir='ltr'><strong>Quod</strong></span> <span class='ocrx_word' id='word_1_267' title='bbox 482 3292 508 3348; x_wconf 86' lang='lat' dir='ltr'><strong>si</strong></span> <span class='ocrx_word' id='word_1_268' title='bbox 534 3297 619 3362; x_wconf 90' lang='lat' dir='ltr'><strong>esset,</strong></span> <span class='ocrx_word' id='word_1_269' title='bbox 642 3291 803 3348; x_wconf 70' lang='lat' dir='ltr'><strong>nunaunus</strong></span> <span class='ocrx_word' id='word_1_270' title='bbox 824 3298 995 3350; x_wconf 82' lang='lat' dir='ltr'><strong>restauratus</strong></span> <span class='ocrx_word' id='word_1_271' title='bbox 1018 3300 1091 3352; x_wconf 86' lang='lat' dir='ltr'><strong>esset</strong></span> <span class='ocrx_word' id='word_1_272' title='bbox 1113 3292 1144 3348; x_wconf 88' lang='lat' dir='ltr'><strong>in</strong></span> 
     </span>
    </p>
   </div>
   <div class='ocr_carea' id='block_1_4' title="bbox 0 0 1318 3810">
    <p class='ocr_par' dir='ltr' id='par_1_12' title="bbox 0 0 1318 3810">
     <span class='ocr_line' id='line_1_35' title="bbox 0 0 1318 3810; baseline 0 0"><span class='ocrx_word' id='word_1_273' title='bbox 0 0 1318 3810; x_wconf 95' lang='lat' dir='ltr'><strong> </strong></span> 
     </span>
    </p>
   </div>
  </div>
 </body>
</html>
