2628 3810
389 296 468 354 OUR
484 295 586 354 DEUS
604 296 723 355 HOMO.
758 297 782 354 Ι.
801 301 843 354 25.
1031 294 1072 361 51

162 469 199 524 ad
225 467 279 524 hoc
304 464 434 538 provehi,
460 466 497 521 ad
525 465 600 538 quod
625 467 716 522 factes
743 470 794 522 est.
830 464 1006 536 Quapropter
1023 471 1073 520 aut
1092 465 1124 516 10

162 559 240 609 extra
268 552 353 607 fidem
380 551 559 608 christiamm
591 552 758 608 invenienda
793 557 836 607 est
861 551 971 622 peccati
992 549 1072 605 satis-

160 639 255 707 factio,
276 638 387 710 qualem
407 654 492 710 supra
510 653 571 692 esse
590 636 692 692 debere
707 635 887 706 ostendimus,
905 637 981 708 quod
992 635 1071 692 nulla

160 725 232 779 ratio
266 729 359 794 potest
387 723 548 794 ostendere,
576 727 626 777 aut
654 720 844 777 indubitanter
871 723 901 777 in
929 722 980 777 illa
1009 739 1070 778 esse

161 809 302 866 credenda
328 815 377 866 est.
416 808 502 873 Quod
525 808 610 864 enim¹
623 807 779 862 necessaria
803 807 911 864 ratione
935 806 1070 863 veraciter
1089 808 1120 860 11

160 911 220 950 esse
238 893 394 967 colligitur,
420 893 450 948 id
476 893 505 948 in
528 894 633 949 nnllam
661 893 745 949 debet
770 893 871 948 deduci
889 893 1069 962 dubietatem,

160 979 270 1035 etiarnsi
287 981 361 1036 ratio
380 979 520 1052 quomodo
537 979 575 1034 sit
593 997 650 1036 non
665 978 826 1050 percipitur.
860 979 929 1034 Boe.
963 977 1070 1035 Verum

160 1063 296 1144 estquod
315 1064 392 1120 dicis.
428 1067 498 1120 Area
517 1063 593 1129 Quid
609 1080 677 1137 ergo
696 1065 807 1136 quaeris
826 1063 965 1136 amplius?
1000 1065 1069 1118 Boe.
1089 1061 1121 1112 12

158 1149 223 1206 Non
248 1150 285 1204 ad
309 1150 362 1205 hoe
383 1151 462 1221 veni,
487 1156 519 1205 ut
542 1149 653 1206 auferas
676 1149 744 1205 milri
767 1149 833 1205 fidei
858 1149 1069 1220 dubitationem,

159 1235 209 1290 sed
226 1239 259 1290 ut
276 1237 407 1292 ostendas
424 1235 492 1290 milri
507 1235 681 1290 certitudinis
700 1251 779 1290 meae
796 1234 933 1291 rationem
941 1237 977 1305 1);
1002 1251 1070 1306 qua-

158 1325 271 1389 propter
298 1317 440 1376 sicutne
469 1319 674 1376 rationabiliter
705 1318 845 1375 dednxisti
874 1321 911 1375 ad
941 1320 1008 1390 hoe,
1036 1326 1069 1376 ut

159 1403 268 1458 videam
302 1403 442 1462 hominem
477 1410 653 1477 peccatorem
691 1404 745 1461 hoc
780 1404 881 1462 debere
916 1405 978 1462 Deo
1017 1424 1069 1477 pro

158 1495 282 1559 peccato,
301 1489 376 1563 quod
394 1497 424 1545 et
440 1490 558 1546 reddere
574 1491 674 1562 nequit
689 1497 718 1547 et
736 1491 791 1545 nisi
802 1491 955 1546 reddiderit
967 1491 1069 1546 salvari

158 1592 214 1630 non
236 1575 327 1630 valet:
354 1575 395 1631 ita
421 1575 484 1630 volo
509 1591 554 1629 me
578 1575 716 1646 perducas
741 1575 822 1645 illuc,
851 1583 883 1632 ut
909 1575 1070 1632 rationabili

158 1660 324 1715 necessitate
349 1658 505 1732 intelligam
531 1677 591 1716 esse
620 1667 747 1733 oportere
780 1659 874 1716 omnia
902 1659 965 1728 illa,
997 1673 1070 1730 quae

157 1745 238 1800 nobis
264 1745 334 1800 fides
360 1745 499 1802 catholica
529 1746 564 1802 de
592 1746 701 1802 Christo
727 1747 839 1803 credere
865 1742 1017 1815 praecipit,
1046 1745 1070 1799 si

157 1829 292 1884 volumno
313 1831 428 1898 salvari,
456 1838 485 1887 et
513 1831 582 1905 quid
605 1833 717 1888 valeant
744 1833 781 1888 ad
803 1831 923 1887 salutem
941 1829 1069 1899 hominis,

159 1918 188 1968 et
206 1915 324 1984 qualiter
341 1916 419 1972 Deus
440 1915 629 1972 misericordia
647 1917 736 1972 salvet
752 1916 904 1984 hominem,
932 1931 996 1970 cum
1013 1931 1070 1968 non

159 1998 282 2054 dimittat
300 2000 342 2055 illi
358 2007 513 2072 peccatum,
531 2003 585 2058 nisi
602 2003 757 2059 reddiderit
776 2002 851 2074 quod
868 2006 982 2072 propter
997 1999 1069 2054 illud

160 2083 258 2153 debet,
282 2091 311 2140 et
332 2093 364 2142 ut
389 2088 520 2144 certiores
539 2087 596 2142 sint
613 2085 867 2158 argumentationes
889 2091 969 2154 tuae,
993 2086 1070 2140 sica

159 2168 244 2240 longa
269 2169 373 2240 incipe,
399 2180 431 2228 nt
455 2189 503 2229 eas
530 2189 614 2244 supra
635 2169 744 2224 firmum
770 2169 983 2226 fundamentum
1004 2187 1069 2225 eon·

159 2253 267 2309 stituas.
303 2255 373 2312 Aac.
408 2257 533 2314 Adiacet
551 2275 595 2313 me
614 2273 689 2310 nune
706 2254 797 2324 Deus,
816 2255 883 2326 quia
900 2260 933 2310 tu
951 2255 1068 2312 nullate·
1089 2257 1119 2308 13

158 2357 212 2394 nus
238 2339 306 2395 mihi
328 2340 421 2410 parole
445 2358 497 2397 nec
519 2341 679 2397 consideras
698 2339 919 2396 imbecillitatem
935 2339 1068 2396 scientiae
1096 2385 1098 2390 ,

158 2431 251 2495 meae,
278 2424 324 2480 cui
340 2431 399 2480 tam
418 2437 550 2497 mamm
568 2443 638 2497 opus
655 2424 785 2496 munga.
821 2425 949 2482 Tentabo
964 2432 1068 2496 tamen,

159 2510 386 2584 qnandoquidem
407 2510 512 2582 incepi,
537 2528 593 2565 non
612 2511 642 2566 in
659 2527 704 2566 rne
723 2511 773 2566 sed
790 2510 820 2564 in
836 2510 899 2566 Deo
917 2510 1067 2578 confidens,

159 2601 188 2652 et
219 2597 323 2652 faciam
354 2596 429 2668 quod
461 2595 522 2667 ipso
559 2596 711 2652 adiuvante
739 2601 844 2666 potero.
880 2595 938 2652 Sed
965 2614 1001 2653 ne
1027 2597 1068 2652 fa·
1088 2593 1120 2646 14

158 2681 273 2738 stidium
297 2682 368 2738 haec
382 2705 383 2710 ¹
396 2681 500 2737 volenti
526 2681 620 2752 legere
645 2681 729 2736 nimie
753 2682 839 2754 longa
862 2681 1069 2739 continuatione

160 2775 315 2840 generetur,
335 2785 353 2824 a
371 2767 454 2824 dictio
472 2766 590 2822 dicenda
607 2767 661 2823 alio
678 2767 791 2823 exordio
809 2767 1021 2842 distinguamus.

231 2961 257 3023 1)
277 2957 334 3012 cn.
351 2965 405 3014 c.1
436 2962 467 3014 2:
498 2953 597 3025 „Quod
614 2960 723 3025 petunt,
740 2972 796 3011 non
815 2962 848 3012 ut
865 2975 916 3029 per
933 2958 1068 3013 rationem

158 3025 196 3082 ad
215 3025 306 3081 ‘fidem
331 2997 473 3107 accedant,
500 3025 550 3081 sed
575 3030 607 3079 ut
632 3041 726 3080 eorum
753 3042 825 3098 qaae
849 3029 968 3084 credunt
988 3026 1068 3082 intel·

158 3093 232 3151 lecta
250 3101 278 3150 et
295 3096 531 3168 contemplatione
548 3094 744 3152 delectentur.“
