2628 3810
234 265 278 337 ffi
416 262 444 321 S⁴
462 263 958 332 mammillam-title

187 433 285 493 ridet
304 438 455 492 etnonex
479 433 690 505 debitowa)
726 437 797 499 Boe.
833 434 944 498 ltaeat.
979 435 1049 493 Aac.
1083 433 1146 496 Hae

236 525 330 579 uitem
360 536 412 576 nee
443 519 496 586 sub
525 519 574 576 isso
602 536 654 577 nee
684 526 763 579 extra
793 521 873 579 illum
900 519 1020 599 inveniri
1044 526 1144 590 potest

187 611 220 669 12
237 607 306 663 Bos.
344 605 451 662 Verum
467 611 517 662 est
550 607 622 660 Ana.
646 604 680 660 Iu
698 604 759 676 ipso
774 605 860 677 igitur
879 605 1075 665 inveniendum
1093 611 1163 669 est¹

171 731 174 739 ·
236 691 307 748 Bos.
325 689 372 748 Sis
389 689 522 762 sequidu.
555 691 626 747 Am.
648 687 709 745 Aut
725 688 812 760 igitur
829 689 952 760 seipsum
969 695 1021 748 aut
1035 690 1144 763 aliquid

187 781 219 834 13
237 775 423 836 desudabit
458 777 527 830 Bos.
555 775 620 834 Non
642 791 757 844 possum
774 774 854 830 aliter
872 774 1035 846 intelligere.
1072 777 1143 835 Ans.

238 859 432 926 Quaerendum
462 866 506 916 est
532 877 620 930 nune,
650 858 806 916 cuiusmodi
833 859 902 926 haee
931 860 1006 918 datio
1032 860 1145 920 debebit

235 962 306 1005 ww.
341 943 419 1000 Dare
440 961 560 1016 namque
583 961 614 1002 se
636 961 693 1000 non
714 943 818 1014 poterit
831 943 893 998 Deo
914 949 963 1000 aut
980 945 1088 1017 aliqud
1109 947 1144 1002 de
1191 925 1196 951 ‘

162 1027 166 1034 '
237 1047 267 1086 se
284 1029 365 1100 quasi
384 1046 440 1092 non
458 1029 582 1099 babenti,
606 1036 638 1086 ut
655 1047 723 1086 suus
740 1029 792 1099 titt
815 1028 946 1101 queniam
963 1031 1051 1100 omnis
1069 1047 1143 1088 area·

188 1114 221 1166 14
237 1120 301 1172 tura
319 1111 377 1169 Dei
391 1119 442 1170 est
479 1115 549 1170 Boe.
571 1114 617 1172 Sia
635 1119 686 1170 est.
724 1115 793 1170 Aue.
811 1113 858 1172 Sic
878 1131 945 1186 ergo
961 1115 1145 1188 intelligenda

237 1205 280 1257 eat
298 1197 368 1254 haee
389 1197 477 1269 dado,
504 1201 570 1272 quia
593 1201 690 1273 aliquo.
711 1198 793 1253 modo
809 1203 895 1268 ponet
911 1216 942 1256 sa
958 1199 996 1256 ad
1013 1201 1145 1274 honorem

236 1281 292 1338 Dei
310 1288 360 1338 aut
375 1283 482 1354 aliquid
501 1284 537 1341 de
557 1301 595 1354 se,
615 1301 670 1356 quo
688 1283 770 1340 modo
791 1282 900 1346 debitor
916 1299 972 1350 non
991 1284 1049 1346 erit
1075 1288 1144 1342 Bes.

188 1373 219 1425 15
237 1367 282 1424 Ita
302 1369 427 1440 sequitur
446 1386 480 1424 ex
498 1388 582 1442 supra
599 1371 690 1426 distis.
723 1371 795 1424 Ana.
818 1368 991 1438 Sidicinus,
1011 1369 1078 1441 quia
1096 1371 1144 1426 da·

236 1455 278 1510 bit
298 1454 421 1525 seipsum
443 1455 481 1510 ad
504 1455 691 1512 obediendam
711 1455 790 1525 Deo,
813 1461 844 1510 ut
861 1461 1069 1525 perseveranter
1088 1472 1144 1512 ser-

235 1539 327 1602 vande
350 1539 484 1599 iustitiam
503 1541 607 1597 subdat
628 1557 658 1596 se
683 1539 742 1598 eius
765 1540 917 1610 voluntati3
940 1558 996 1599 non
1021 1540 1073 1596 erit
1089 1540 1144 1599 hoe

236 1627 318 1697 dare,
345 1627 420 1698 qued
435 1625 512 1682 Deus
536 1627 573 1684 ab
596 1627 644 1682 illo
666 1643 723 1682 non
740 1625 887 1698 exigatex
905 1625 1009 1682 debito.
1048 1623 1146 1685 omnis

236 1712 310 1768 enim
336 1711 478 1768 rationalis
504 1714 632 1771 ereatura
659 1709 744 1764 debet
766 1710 839 1766 hane
863 1709 1049 1774 obedientiam
1073 1711 1143 1766 Dee.

187 1792 218 1844 16
236 1800 305 1853 Bos.
332 1797 395 1852 Hoc
413 1795 511 1867 negari
527 1794 633 1866 nequit.
668 1796 736 1862 Ana
770 1797 835 1852 Alio
849 1795 944 1867 itaque
962 1796 1045 1854 modo
1064 1813 1144 1868 oper·

235 1888 277 1938 tet
293 1887 326 1936 ut
348 1882 397 1936 det
417 1897 450 1936 se
471 1879 563 1949 ipsum
585 1879 647 1934 Deo
669 1887 719 1936 aut
740 1881 847 1952 aliquid
868 1877 959 1936 dese.
998 1869 1066 1935 Bos.
1094 1880 1143 1936 Ad

187 1966 218 2016 17
235 1965 289 2020 hoe
306 1981 357 2020 nos
377 1961 496 2034 impellit
512 1962 592 2020 ratio.
629 1965 698 2020 Aes.
721 1963 889 2034 Videamus,
905 1964 929 2018 si
948 1964 1020 2021 forte
1037 1965 1090 2021 hoc
1108 1965 1145 2031 sit

235 2051 322 2104 vitam
341 2065 421 2106 suam
442 2049 509 2105 dare
526 2048 584 2104 sive
601 2066 709 2120 ponere
723 2049 843 2104 animam
862 2066 942 2104 suam
958 2051 1016 2107 sive
1033 2052 1143 2108 tradere

234 2135 357 2207 seipsum
379 2134 461 2192 morti
485 2133 523 2188 ad
547 2132 679 2190 honorem
701 2134 765 2192 Dei.
802 2134 865 2191 Hoe
888 2136 962 2192 enim
987 2153 1022 2192 ex
1048 2137 1143 2195 debito

234 2221 312 2277 Deus
337 2237 394 2276 non
423 2220 517 2292 exiget
543 2219 581 2275 ab
606 2219 672 2288 ill03
705 2219 836 2291 quoniam
860 2237 981 2294 namque
1008 2239 1066 2278 non
1091 2220 1144 2278 erit

185 2305 220 2358 18
234 2312 381 2378 peceatum
405 2307 434 2363 in
457 2305 518 2375 iilo,
543 2321 598 2361 non
621 2304 736 2361 debebit
752 2305 837 2375 mori,
860 2312 893 2362 ut
909 2307 1036 2362 diximus.
1073 2309 1161 2376 Bos„

234 2391 326 2448 Aliter
354 2408 462 2462 nequeo
493 2389 658 2460 intelligere.
697 2392 767 2446 Aac.
804 2392 1015 2448 Consideremus
1042 2391 1141 2458 adhue,

234 2483 327 2534 utrum
344 2477 385 2531 sia
402 2474 604 2532 rationabiliter
622 2476 776 2533 conveniat.
814 2479 882 2532 Boe.
905 2477 961 2532 Die
978 2482 1023 2546 tu3
1043 2481 1071 2529 et
1088 2491 1141 2546 ego

135 2629 140 2636 .
186 2561 219 2612 19
234 2562 353 2620 libenter
375 2561 495 2618 audiam.
529 2564 599 2616 Ans.
632 2560 664 2618 si
686 2561 768 2616 homo
794 2579 844 2636 per
862 2562 1026 2617 suavitatem
1042 2575 1141 2630 peeca-

234 2646 282 2716 vit,
306 2663 400 2702 annon
418 2648 560 2717 convenit,
584 2653 616 2702 ut
632 2664 682 2717 per
698 2647 877 2717 asperitatem
896 2643 1068 2700 satisfaciat?
1102 2645 1142 2700 Et

234 2731 333 2788 sitam
349 2731 434 2788 facile
458 2733 548 2787 vietus
574 2737 617 2788 est
640 2749 659 2790 a
683 2731 808 2802 diabolo,
835 2739 867 2787 ut
883 2730 975 2786 Deum
996 2731 1140 2800 pectendo

234 2816 430 2886 exhonoraret,
453 2823 486 2872 ut
508 2816 617 2873 facilius
638 2834 694 2872 non
717 2823 826 2888 posset3
852 2833 944 2872 nonne
968 2815 1072 2870 iustum
1090 2821 1140 2884 est,

233 2909 266 2959 ut
286 2902 368 2959 homo
394 2901 567 2958 satisfaciens
584 2903 646 2958 Deo
669 2919 721 2972 pro
744 2907 859 2973 peceato
877 2906 956 2955 tante
975 2899 1141 2956 difficultate

233 2989 327 3044 vineat
344 2987 485 3044 diabolum
504 2989 541 3042 ad
557 2988 689 3071 hunorem
705 2986 767 3057 Dei,
781 2991 824 3040 'ut
842 2985 939 3040 maiori
958 3003 1013 3041 non
1032 2984 1139 3058 possit?

182 3063 216 3115 ²⁰
232 3075 335 3130 Annon
361 3080 404 3129 est
430 3072 560 3145 dignum,
589 3080 726 3144 quatenus
755 3072 804 3144 qui
828 3088 857 3126 se
881 3070 922 3125 sie
944 3073 1061 3128 abstulit
1077 3072 1139 3126 Deo

231 3160 385 3231 peccando,
403 3165 436 3212 ut
454 3175 484 3213 se
500 3159 564 3228 plus
584 3157 693 3212 auferre
710 3175 766 3212 non
785 3162 895 3238 posset,¹
907 3158 947 3213 sie
966 3176 996 3214 se
1013 3158 1062 3214 det
1077 3157 1138 3212 Deo

294 3281 328 3401 Ι1)
348 3327 405 3384 Cfr.
423 3345 508 3399 supra
525 3343 550 3382 e.
569 3331 594 3382 6.
