2628 3810
316 245 683 326 ‘montanerio
718 265 876 322 lassis.
1041 265 1082 333 'tl

255 511 325 597 ¹5·
374 543 442 598 Boe.
460 539 506 594 Ita
523 555 583 595 esse
601 539 638 595 de
652 539 778 595 omuibus
795 539 917 611 peccetis
936 551 1007 611 quse
1022 547 1083 610 per
1102 547 1114 598 l

179 627 275 685 sonem
293 627 348 684 Dei
367 643 423 682 nou
439 629 571 696 tangunt,
593 628 708 680 constat.
744 624 799 682 Sed
819 640 893 678 nuuc
909 623 990 680 video
1006 623 1084 679 aliud

179 713 374 786 quaerendum.
408 711 482 768 uem
512 710 535 766 ei
568 716 626 765 tem
653 711 758 764 melum
790 713 833 765 est
859 724 923 765 eum
950 707 1084 778 occidere,

178 808 262 873 quam
278 799 353 854 bons
369 803 412 853 est
430 795 489 850 vita
506 795 578 865 eius3
607 795 744 866 quomodo
761 799 853 866 potest
869 811 943 849 mors
961 793 1020 850 eius
1039 811 1084 848 su-

177 901 276 958 perare
299 887 329 940 et
352 881 445 938 delere
466 886 583 952 peccata
608 897 715 952 eorum,
746 881 794 954 qui
817 897 880 936 eum
904 879 1083 936 occidermrt‘?
1115 873 1118 885 '

178 967 239 1024 Aut
264 967 289 1022 si
312 967 429 1023 alicuius
461 983 555 1022 eorum
582 971 727 1038 peccatum
753 966 840 1036 delet,
874 965 1011 1038 quomodo
1029 971 1117 1022 nont

178 1059 270 1126 potest
292 1051 409 1108 aliorum
432 1066 543 1123 quoque
567 1050 709 1106 hominum
732 1052 846 1124 aliquod
869 1051 980 1107 delere?
1018 1051 1084 1106 Cre·

179 1140 270 1194 dimus
295 1139 382 1206 eum,
406 1137 472 1210 quia
492 1142 520 1192 et
540 1135 620 1191 multi
637 1153 671 1191 ex
688 1137 742 1192 illis
762 1135 861 1192 salvati
878 1144 944 1192 suut
960 1142 989 1192 et
1005 1137 1084 1192 innu-
1171 1159 1173 1168 ⁴

179 1225 325 1282 mersbiles
345 1223 393 1278 alii
416 1239 473 1278 non
497 1222 648 1276 salvantur.
684 1223 754 1276 Ans.
788 1221 871 1276 Hanc
895 1222 1118 1294 quaestioneme

178 1311 260 1368 solvit
279 1310 434 1383 apostolus,
460 1308 507 1380 qui
530 1307 613 1376 dixit,
641 1305 706 1378 quia
730 1307 759 1360 a·
785 1309 990 1377 removissent,
1004 1325 1084 1362 ¹escr-

179 1415 263 1468 (ματη
287 1397 440 1451 Dominum
462 1393 572 1472 pieriae
596 1393 803 1460 emcrflcs'ssent.
813 1393 834 1457 ¹)
869 1391 993 1448 Tautirm
1008 1403 1121 1455 nem-4

180 1499 235 1554 que
269 1481 401 1537 differunt
425 1477 545 1534 scienter
571 1477 677 1532 factum
706 1471 853 1548 peccatum
879 1483 908 1532 et
934 1477 1010 1549 quod
1035 1493 1086 1547 per

138 1611 144 1626 .
178 1565 364 1639 ignorantiam
387 1563 432 1629 fic,
458 1571 490 1619 ut
516 1564 619 1619 malum
643 1562 718 1634 quod
738 1578 881 1633 nunquam
903 1563 995 1618 facere
1022 1579 1086 1633 pos·

180 1657 241 1708 sent
258 1667 309 1724 pro
325 1649 468 1704 nimietate
485 1665 536 1704 sua
554 1649 578 1702 si
596 1653 816 1719 cognosceretur,
830 1649 940 1704 veniale
958 1647 1001 1717 sit,
1020 1647 1086 1718 quie

179 1737 340 1810 ignoranter
370 1735 477 1790 fectum
507 1739 554 1790 est
604 1734 697 1788 Deum
729 1733 803 1788 euim
835 1733 961 1789 occidere
991 1731 1122 1788 nullust

179 1823 262 1877 homo
281 1837 404 1893 uuquam
428 1819 547 1874 scienter
563 1818 661 1874 saltem
680 1818 751 1875 velle
771 1824 881 1890 posset3
907 1824 935 1876 et
955 1817 1018 1875 ideo
1038 1819 1086 1892 qui

151 1958 153 1966 ,
179 1907 259 1963 illum
288 1907 449 1962 occiderunt
477 1904 679 1976 ignoranter‚²)
713 1923 769 1967 non
797 1905 827 1960 iu
852 1903 923 1960 illud
948 1903 1087 1961 infinitum
1133 1953 1138 1958 ,

178 1999 334 2065 peccatum,
350 1991 396 2047 cui
413 1991 492 2046 nulls
509 1990 565 2046 alia
582 1992 736 2062 comparari
752 1998 869 2062 possunt
880 1999 1006 2062 peccate,
1024 2005 1087 2062 pro·

179 2081 303 2134 merant.
346 2077 419 2133 Nam
444 2091 500 2130 non
524 2075 757 2131 consideravimus
784 2075 843 2132 eins
865 2075 1122 2148 magnitudinemti

180 2163 218 2218 ad
233 2161 400 2230 videndum,
419 2160 595 2232 quambene
612 2168 685 2217 esset
700 2162 759 2216 vita
778 2160 843 2225 ille,
867 2163 1020 2216 secuudum
1035 2161 1087 2216 hoc

181 2247 257 2319 qaod
282 2245 443 2318 ignoranter
468 2246 574 2302 factum
598 2250 653 2314 est,
683 2247 732 2302 sed
758 2246 838 2317 quasi
861 2245 980 2300 scienter
1000 2243 1086 2313 fieret,

181 2331 257 2404 quod
274 2347 326 2387 nec
345 2345 468 2403 unquam
490 2333 559 2389 tecit
581 2331 681 2404 aliquis
704 2347 756 2387 uec
772 2332 865 2387 facere
884 2331 983 2399 potuit.
1018 2331 1119 2386 Boe?

180 2417 392 2474 Ratiouabilitcr
424 2418 614 2474 interemtores
642 2417 744 2473 Christi
774 2415 810 2472 ed
841 2416 950 2472 veniam
979 2415 1088 2486 peccati

181 2504 224 2559 sui
242 2503 402 2576 pertingere
418 2504 543 2576 potuisse
559 2503 728 2559 monstrasti.
756 2502 825 2556 Am.
843 2499 916 2566 Quid
934 2501 991 2555 iem
1004 2515 1088 2572 quae·
1104 2508 1121 2560 8

181 2590 219 2645 ris
236 2587 375 2661 emptius?
410 2589 484 2644 Ecce
503 2587 559 2643 iam
576 2589 671 2660 vides,
695 2588 834 2661 quomodo
851 2586 1024 2643 rationabilis
1040 2600 1088 2643 ne
1122 2585 1127 2600 '

182 2675 295 2732 cessitas
323 2675 452 2731 ostendat
469 2689 503 2730 ex
521 2672 678 2730 hominibus
700 2669 898 2746 perficiendam
916 2689 976 2729 esse
994 2689 1088 2744 super·

182 2777 247 2816 uam
265 2760 418 2830 civitatem,
443 2774 495 2816 nec
517 2760 570 2815 hoc
587 2777 668 2831 posse
684 2759 746 2815 deri
762 2757 816 2813 uisi
834 2773 885 2830 per
901 2758 1088 2814 remissionem

182 2851 373 2918 peccatorum,
401 2863 485 2918 qaam
507 2845 591 2901 homo
608 2845 702 2899 nullus
720 2844 824 2900 hebere
845 2849 938 2916 potest
959 2843 1014 2898 nisi
1037 2856 1089 2912 per
1121 2911 1125 2919 Ι

181 2932 333 3002 homiuem,
356 2931 405 3003 qui
431 2931 506 2987 idom
527 2929 588 3002 lpse
607 2928 644 2986 sit
662 2930 740 2985 Deus
764 2935 848 3002 atque
867 2942 919 2984 sua
934 2932 1022 2982 morte
1040 2925 1088 2981 ho

181 3017 269 3074 mines
287 3023 447 3090 peccatores
465 3016 528 3071 Deo
551 3015 719 3071 reconciliet
758 3015 864 3087 Aperte
881 3013 967 3086 igitur
984 3011 1087 3066 inveni·
1105 3004 1124 3054 ⁹

252 3208 279 3346 ii
298 3205 407 3345 iio&
426 3211 499 3347 ξ”φεῦς
519 3271 619 3334 αὐτοῖς·
639 3269 679 3326 οὐ
698 3269 767 3364 ⁷⁸¹3
785 3270 911 3325 uideas
925 3273 953 3322 rt
968 3268 1082 3323 ποιοῦσι
1131 3328 1136 3336 ,

181 3344 251 3400 Istc.
271 3350 313 3413 ²³,
333 3350 375 3401 ³4.
395 3373 429 3384 -
447 3345 511 3399 Act
530 3348 554 3413 3,
575 3348 622 3398 17:
639 3339 728 3395 sard
748 3352 905 3410 uyrcser.
1016 3371 1019 3380 ·
