2628 3810
365 251 443 311 ons
460 251 562 312 oeus
582 249 700 344 nouo.
734 248 773 309 11.
793 247 860 306 as.
883 253 923 308 a.
1013 226 1028 292 I
1052 247 1093 316 79

188 429 217 481 st
235 425 278 492 (ut
295 421 349 479 dici
365 422 446 495 solet)
466 422 575 494 quassis
594 421 698 478 nodum
722 419 753 474 in
777 419 877 489 scirpo.
887 421 906 484 ¹)
943 419 1012 474 Bos.
1047 415 1094 473 An
1111 414 1145 468 26
1182 421 1187 450 l

188 501 351 576 ¹csoblitus‚
376 507 445 578 quid
465 506 614 572 obiecerim
641 503 864 563 excusationibus
888 501 945 557 tuis
966 501 996 556 in
1011 499 1094 556 huius

189 587 386 662 disputationis
414 598 525 648 noemae
554 591 706 664 principio,
747 589 814 661 quia
853 587 984 658 videlicet
1020 586 1095 658 quod

188 676 366 750 postulabam
392 695 448 734 non
472 676 580 734 faceres
604 676 706 745 doctis,
733 675 784 731 ssd
802 675 870 732 mihi
889 679 918 730 et
934 673 988 730 hoo
1004 671 1112 744 ipsum·

107 767 111 774 '
187 779 296 820 mecum
318 761 498 832 petentibus?
534 761 646 818 Sustine
669 761 769 834 igitur,
793 765 825 816 ut
847 777 898 832 pro
918 758 1050 814 tarditate
1069 766 1097 815 et
1114 762 1145 812 27

187 846 357 920 hebetudine
388 849 475 904 nostri
504 848 609 920 ingenii
635 862 781 920 quaeram,
811 852 947 915 quatenus
961 845 1043 900 :mihi
1069 852 1097 902 et

187 935 244 992 illis
272 935 355 994 etiam
380 935 411 990 in
434 932 589 1006 puerilibus
615 930 837 1006 quaestionibus,
865 930 937 986 sicut
958 931 1096 1004 incepisti,

187 1019 352 1080 satisfacias,
430 1071 436 1084 ,

265 1155 335 1242 Π·
387 1192 461 1256 Aac„
475 1189 538 1243 Iam
552 1187 681 1257 diximus,
698 1187 765 1258 quia
776 1188 855 1243 Deus
866 1186 1016 1260 improprie
1029 1186 1096 1242 dici·
1115 1181 1127 1233 1

188 1279 233 1329 tur
260 1274 367 1348 aliquid
393 1292 451 1331 non
477 1291 560 1346 posse
587 1279 636 1328 aut
662 1271 827 1328 necessitate
853 1272 954 1330 facere.
998 1272 1096 1330 Omnis

189 1359 293 1431 quippe
319 1361 470 1415 necessitas
495 1365 524 1414 et
547 1357 754 1430 impossibilitas
778 1357 837 1413 eius
857 1357 983 1414 subiacet
1000 1361 1096 1422 volun·
1195 1397 1196 1400 =

187 1444 248 1500 tati
283 1444 362 1500 lilius
380 1450 475 1500 autem
494 1444 623 1498 voluntas
640 1443 710 1498 nulli
727 1441 855 1498 subditur
872 1443 1030 1499 necessitati
1048 1448 1097 1500 aut

188 1528 415 1600 impossibilitati.
450 1528 528 1586 Nihil
547 1529 621 1584 enim
640 1536 682 1584 est
700 1527 887 1584 necessarium
905 1534 954 1584 aut
972 1529 1097 1600 impossi-
1113 1527 1129 1577 2

176 1614 259 1685 stile,
283 1615 338 1670 nisi
359 1613 425 1686 quia
442 1615 503 1686 ipse
523 1614 564 1668 its
578 1614 654 1683 vult;
676 1614 768 1686 ipsum
789 1630 855 1670 vero
879 1617 929 1671 aut
951 1613 1023 1670 velle
1046 1620 1097 1669 aut

188 1699 264 1756 nolle
287 1700 396 1774 aliquid
417 1705 533 1772 propter
556 1698 751 1756 necessitatem
771 1704 820 1753 aut
837 1697 1096 1771 impossibilitatem,

188 1785 311 1840 alienum
337 1793 379 1842 est
405 1785 573 1843 averitate.
611 1784 721 1854 Quare,
749 1782 880 1858 quoniam
908 1784 999 1841 omnia
1024 1785 1129 1857 quae3

189 1870 295 1926 veltet
312 1889 369 1927 non
388 1871 443 1929 nisi
459 1888 531 1944 quae
549 1871 622 1938 vult,
645 1869 730 1939 facit;
757 1869 830 1926 sicut
848 1871 927 1926 nulla
946 1871 1096 1927 necessitas

164 1975 166 1980 ¹
189 1954 248 2011 sive
263 1954 474 2030 impossibilitas
489 1955 633 2028 praeeedit
652 1955 710 2011 eius
729 1957 801 2012 velle
819 1963 869 2011 aut
886 1957 968 2026 nolle,
987 1955 1028 2012 ita
1043 1974 1096 2012 nec

190 2038 249 2096 eius
266 2039 359 2098 facere
376 2049 498 2100 autnon
514 2041 621 2112 facere,
648 2042 774 2113 quamvis
802 2042 891 2098 multa
915 2043 983 2100 velit
998 2043 1095 2110 immu-

189 2125 311 2182 tabiliter
337 2135 366 2183 et
390 2128 484 2184 faciat.
528 2125 565 2184 Et
591 2127 665 2182 siout
692 2141 756 2180 cum
780 2126 859 2180 Deus
885 2127 955 2183 facit
981 2121 1132 2200 aliquid‚4

188 2217 338 2284 postquam
358 2212 463 2270 factum
488 2217 545 2280 est,
568 2212 625 2266 iam
643 2226 699 2266 non
723 2217 817 2283 potest
840 2229 896 2267 non
913 2229 972 2268 csse
991 2212 1097 2268 factum

190 2296 240 2355 ssd
267 2313 376 2368 semper
403 2315 500 2352 rerum
527 2302 569 2354 est
593 2297 698 2352 factum
725 2312 800 2367 esse,
823 2313 876 2354 nec
902 2301 996 2354 tamen
1022 2304 1097 2353 recte

190 2383 293 2438 dicitur
312 2381 482 2455 impossibile
499 2381 562 2438 Deo
580 2400 648 2454 esse,
667 2392 699 2440 ut
718 2384 804 2440 faciat
822 2383 897 2456 quod
916 2381 1097 2453 praeteritum

190 2476 232 2530 est
254 2485 312 2524 non
335 2485 395 2525 esse
419 2467 614 2538 praeteritum
637 2468 706 2524 nihil
732 2468 806 2526 enim
828 2467 868 2523 ibi
892 2472 1023 2539 operatur
1048 2484 1096 2522 nc·
1119 2517 1127 2525 .

189 2553 305 2610 cessitas
334 2569 391 2607 non
419 2551 542 2607 faciendi
570 2558 619 2607 sut
644 2553 852 2626 impossibilitas
883 2553 1017 2622 faciendi,
1046 2553 1096 2610 scd
1234 2541 1241 2556 ⁴

189 2637 245 2694 Dei
262 2638 322 2694 sola
340 2636 482 2706 voluntas,
507 2636 555 2708 qui
579 2637 726 2694 veritatem
747 2657 855 2711 semper
877 2639 954 2710 (quia
971 2639 1031 2710 ipse
1051 2656 1096 2695 rs-

189 2723 257 2780 ritas
275 2727 327 2794 est)
347 2721 563 2792 immutabilem,
584 2723 657 2778 sicut
673 2730 728 2794 est,
745 2742 805 2780 esse
822 2724 889 2780 vult.
928 2723 974 2777 Ita
991 2723 1016 2776 si
1033 2739 1096 2792 pro·
1113 2724 1128 2773 5

190 2810 270 2876 ponit
290 2827 320 2866 se
340 2809 448 2881 aliquid
471 2807 681 2865 immutabiliter
700 2810 853 2880 facturum,
878 2807 1002 2881 quamvis
1021 2805 1096 2877 quod
1150 2808 1179 2863 ,“

189 2897 321 2964 proponit
348 2904 498 2968 antequam
524 2893 575 2949 fiat
599 2911 656 2949 non
679 2893 769 2964 possit
794 2913 849 2950 non
874 2911 933 2950 esse
962 2893 1094 2959 futurum,

189 2995 246 3033 non
269 2986 362 3038 tamen
390 2982 449 3038 ulla
477 2986 519 3038 est
544 2981 573 3034 in
603 2996 635 3034 eo
661 2978 783 3041 faciendi
806 2980 956 3036 necessitas
973 2982 1095 3033 autnon

190 3063 311 3138 faciendi
335 3066 559 3137 impossibilitas,
580 3053 649 3135 ‘qma
671 3064 730 3119 sola
748 3072 879 3136 operatur
900 3065 930 3118 in
949 3079 984 3118 ea
999 3062 1095 3117 volun·

261 3237 286 3302 1)
312 3233 356 3288 Ex
383 3238 508 3292 Terentii
534 3236 643 3292 Andria
669 3201 722 3290 act.¹
747 3243 819 3292 5sc.
842 3239 859 3290 4
882 3251 908 3288 v.
936 3238 968 3288 39
996 3232 1095 3288 sumsit

189 3301 242 3359 hoc
260 3303 439 3374 proverbium
455 3307 483 3364 S.
502 3307 659 3364 Anselmus.
