2628 3810
530 362 746 430 'eAPITIJLn
1079 368 1131 412 ¹1¹

186 551 210 600 3.
237 543 319 610 Quod
345 559 409 603 cum
438 561 551 614 corpore
578 544 607 598 in
634 561 689 614 quo
716 541 785 596 vivit
814 542 844 596 in
869 541 922 596 hac
948 542 1021 610 vita,
1047 540 1129 596 homo

238 634 372 701 resurget

187 741 211 791 1.
239 731 320 798 Quod
339 731 373 788 de
390 733 512 789 humana
528 741 628 789 natura
646 733 772 805 perficiet
788 732 866 788 Deus
885 729 959 803 quod
976 728 1089 800 incepit.

157 827 162 839 ⁴
189 844 213 894 5.
239 835 320 902 Quod
349 838 473 909 quamvis
499 837 552 892 hoe
576 855 690 894 necesse
717 837 754 892 sit
775 835 849 906 fieri,
875 841 969 890 tamen
993 820 1046 889 troc
1073 850 1129 888 non

233 923 322 1000 *facies
345 930 460 995 cogente
481 923 660 994 necessitate,
686 928 714 980 et
736 939 808 996 quas
831 922 868 979 sit
890 919 1039 977 necessitas
1058 935 1129 990 quae

223 1009 330 1065 ‘amet
347 1009 467 1082 gratiam
485 1015 534 1065 aut
550 1009 657 1080 minuit,
675 1017 704 1066 et
721 1026 793 1081 quae
810 1008 960 1064 necessitas
977 1011 1088 1078 augeat

192 1116 215 1167 t.
239 1100 320 1178 Quod
336 1110 552 1168 satisfactionem
569 1129 620 1184 per
634 1130 718 1184 quam
729 1114 853 1169 salvatur
864 1093 955 1182 homo,
972 1127 1029 1166 non
1042 1105 1132 1182 possit

239 1198 330 1254 facere
347 1197 401 1252 nisi
418 1198 496 1252 Deus
515 1197 605 1254 homo.

190 1307 211 1359 7.
235 1300 317 1366 Quod
342 1317 455 1357 necesse
480 1301 518 1356 sit
540 1301 658 1358 eundem
682 1304 773 1375 ipsum
792 1319 852 1358 esse
867 1301 1021 1372 perfectum
1038 1299 1131 1354 Deum

237 1392 265 1442 st
282 1385 437 1459 perfectum
454 1387 602 1444 hominem.

187 1496 211 1547 8.
236 1490 317 1556 Quod
336 1507 485 1562 exgenere
504 1492 585 1548 Adae
602 1499 630 1549 et
646 1492 681 1547 de
692 1491 810 1562 Virgine
826 1491 930 1548 femina
942 1491 1034 1546 Deum
1051 1507 1130 1560 opor-

236 1583 296 1633 teat
311 1594 451 1634 assumere
468 1579 612 1635 hominem

188 1686 212 1737 9.
239 1679 319 1746 Quod
337 1696 451 1737 necesse
472 1680 508 1736 sit
523 1682 647 1739 Verbum
671 1683 760 1737 solum
783 1687 811 1738 et
833 1681 971 1737 hominem
995 1680 1025 1735 in
1046 1696 1131 1735 unam

240 1766 387 1822 convenire
404 1785 557 1838 personam.

174 1874 214 1924 10.
241 1869 322 1934 Quod
341 1866 415 1926 idem
437 1871 519 1928 homo
538 1889 594 1928 non
612 1889 646 1928 er
663 1871 758 1928 debito
777 1871 924 1941 moriatur,
950 1877 979 1926 et
994 1869 1131 1942 quomodo

241 1955 329 2027 possit
348 1958 392 2012 vel
410 1976 467 2014 non
493 1959 582 2029 possit
604 1976 733 2030 peccare,
757 1964 786 2014 et
808 1974 858 2012 cur
879 1956 925 2011 ille
948 1956 992 2013 vel
1015 1955 1133 2028 augelus

243 2041 277 2096 de
294 2059 345 2097 sua
362 2044 470 2100 iustitia
486 2043 642 2100 laudandus
662 2044 711 2115 sit,
730 2062 794 2100 cum
810 2061 927 2116 peccare
943 2062 1000 2100 non
1018 2045 1133 2116 possint

176 2145 215 2198 11.
244 2142 326 2208 Quod
342 2147 473 2202 moriatur
491 2166 525 2203 ex
544 2165 595 2203 sua
611 2153 748 2220 potestate
767 2155 795 2204 et
812 2148 887 2220 quod
907 2147 1061 2205 mortalitas
1077 2165 1133 2205 non

242 2229 380 2300 pertineat
397 2233 433 2287 ad
451 2251 549 2305 puram
568 2234 686 2290 hominis
704 2239 839 2290 natmam.

175 2339 214 2390 12.
242 2332 324 2399 Quod
350 2337 473 2405 quamvis
497 2338 732 2396 incommodorum
760 2343 916 2393 nostrorum
931 2338 1072 2410 particeps
1089 2337 1134 2408 sit,

242 2419 326 2476 miser
342 2425 435 2476 tmen
452 2440 507 2478 non
523 2426 567 2481 sit.

176 2528 216 2579 13.
242 2523 324 2590 Quod
347 2540 410 2580 eum
433 2525 494 2580 aliis
517 2526 724 2584 infirmitatibus
749 2527 850 2583 noscis
875 2527 1060 2599 ignorantiam
1077 2547 1133 2585 non

242 2610 353 2668 habeat.
787 2655 789 2658 -

177 2702 215 2753 14.
239 2696 384 2763 Quomodo
406 2716 478 2755 mors
503 2699 562 2755 cius
587 2701 747 2772 praevaleat
764 2718 878 2758 nurnero
898 2707 926 2758 et
945 2702 1135 2774 magnitudine

244 2790 421 2854 peccatorum
439 2785 570 2841 omnium.

179 2876 217 2925 15.
244 2870 389 2935 Quomodo
412 2873 504 2930 deleat
526 2889 600 2928 mors
624 2873 720 2930 eadem
744 2873 826 2930 etiam
849 2881 967 2946 peccata
985 2895 1047 2933 eum
1065 2879 1137 2950 peri·

185 2985 187 2990 .
244 2959 385 3014 mentium.

180 3047 229 3098 16⁸.
239 3042 364 3108 Qualiter
384 3046 462 3102 Deus
486 3047 522 3102 de
546 3062 638 3101 massa
661 3047 817 3117 peccatrice
845 3046 976 3104 assumsit
998 3047 1136 3110 hominem

244 3130 303 3186 sine
320 3139 442 3202 peccato,
462 3139 490 3189 st
507 3131 711 3189 de-salvations
726 3132 808 3190 Adae
825 3140 854 3190 et
866 3135 951 3190 Evae.

179 3215 231 3272 16⁵.
243 3214 386 3280 Quomodo
409 3235 465 3274 non
487 3220 652 3277 necessitate
676 3227 800 3278 mortuus
825 3229 882 3290 est,
904 3220 953 3292 qui
971 3239 1028 3279 non
1045 3222 1136 3294 potuit

247 3319 308 3358 esse
324 3302 378 3358 nisi
395 3303 461 3374 quia
478 3313 537 3360 erat
554 3307 710 3363 moriturus.

178 3395 217 3446 17.
242 3388 323 3454 Quod
340 3388 369 3443 in
387 3389 448 3444 Deo
465 3407 522 3445 non
546 3393 582 3446 sit
609 3394 758 3450 necessitas
786 3393 830 3449 vel
856 3392 1080 3464 impossibilitas,
1107 3401 1135 3452 et

244 3474 313 3547 quid
332 3474 368 3530 sit
384 3474 534 3531 necessitas
555 3492 658 3550 cogens
677 3484 705 3536 et
722 3478 872 3536 necessitas
888 3496 944 3535 non
964 3495 1074 3552 cogens.
