2628 3810
345 312 349 323 -
378 285 456 342 cua
473 285 575 343 neus
592 284 709 342 nouo.
744 284 853 342 1.1.2.
1046 289 1068 356 3

158 452 216 509 leat
247 454 380 524 evellere,
405 470 424 508 a
449 461 478 510 te
504 460 569 525 peto
597 454 664 511 mihi
689 456 814 527 aperitin
829 456 918 527 quod,
944 463 977 512 ut
1004 457 1066 526 seis,

158 539 254 610 plures
281 554 391 594 meeum
416 545 530 611 petunt=
563 556 620 610 qua
647 541 813 598 necessitate
836 541 944 598 seilicet
970 549 999 598 et
1023 559 1066 598 ra·

156 623 234 680 tione
251 623 338 694 Deus,
359 642 422 682 oum
441 625 477 680 sit
493 623 684 696 omnipotens,
702 625 888 684 humilitatem
907 633 936 682 et
953 627 1066 682 infirmi

156 713 246 764 tatem
281 708 417 766 humanae
455 715 572 766 naturae
608 729 658 782 pro
694 711 754 768 eius
788 713 990 770 restauratione
1021 731 1064 768 ee·

157 791 309 850 sumserit?
349 795 507 858 Aurelmue.
547 797 630 862 Quod
654 797 765 868 quaeris
788 813 806 850 e
828 813 888 866 me,
912 813 997 868 supra
1019 805 1097 854 mea

157 883 213 948 est,
237 883 266 934 et
280 878 384 935 ideireo
401 881 499 937 altiora
514 899 559 938 me
577 887 698 938 tractore
713 881 814 951 timeo,
840 897 875 937 ne
891 881 978 951 forte,
1000 899 1064 938 eum

156 963 298 1032 putaverit
321 972 370 1020 eut
394 967 478 1024 etiam
504 967 606 1024 viderit
632 966 733 1037 aliquis
757 981 802 1020 me
827 984 885 1022 non
908 966 963 1022 sibi
985 967 1064 1022 satis-

155 1047 257 1119 facere,
279 1049 343 1121 plus
360 1053 499 1109 existimet
514 1053 555 1109 rei
575 1051 720 1108 veritatem
735 1051 803 1106 mihi
821 1051 953 1123 deficere,
979 1067 1063 1125 quam

156 1131 328 1190 intellectum
365 1154 457 1194 meum
490 1138 526 1192 ad
557 1153 619 1194 eam
648 1136 814 1209 rapiendam
840 1154 896 1192 non
926 1136 1062 1192 suffioere.

155 1220 224 1276 Boe.
248 1219 312 1276 Non
330 1221 384 1277 hoo
405 1229 516 1280 tentum
541 1223 639 1278 timere
657 1222 756 1291 debes,
782 1228 918 1294 quantum
938 1227 966 1278 et
982 1223 1062 1278 remi·
1080 1225 1098 1273 4

155 1304 240 1371 nisei,
268 1306 336 1377 quia
361 1325 445 1380 saepe
475 1307 612 1380 eontingit
636 1307 666 1361 in
691 1307 874 1378 colloquendo
906 1307 941 1364 de
967 1308 1063 1380 aliqua
1154 1301 1155 1308 ¹

158 1391 327 1462 quaestione,
344 1397 377 1448 ut
393 1392 471 1448 Deus
490 1393 598 1462 aperiat
616 1393 693 1464 quod
711 1392 788 1462 prius
810 1392 931 1462 lutebet3
957 1398 986 1448 et
1001 1411 1063 1465 spe·

153 1493 216 1532 rare
239 1477 274 1534 de
299 1477 392 1550 gratie
406 1477 478 1542 Dei,
505 1475 583 1548 quia,
612 1477 636 1532 si
657 1493 691 1532 ea
716 1493 788 1548 quae
809 1475 897 1546 gratis
922 1479 1062 1553 sucepisti,

155 1561 276 1618 libenter
301 1561 465 1636 impertiris,
495 1561 595 1618 altiore
623 1563 662 1617 ad*
688 1577 760 1633 quae
786 1559 909 1618 nondum
935 1562 1060 1633 attigisti,

152 1646 303 1704 mereberis
329 1647 465 1717 aooipere.
499 1652 569 1716 Aue.
603 1646 656 1702 Est
681 1653 710 1702 et
733 1646 823 1725 aliud,
847 1651 963 1717 propter
986 1643 1094 1722 quoti5

154 1731 237 1787 video
254 1738 303 1787 aut
319 1732 367 1788 vix
385 1737 435 1786 aut
458 1732 616 1788 nullatenus
640 1748 722 1802 posse
739 1731 776 1794 ed
791 1731 905 1803 plenum
920 1730 994 1804 inter
1009 1749 1061 1787 nos

156 1815 192 1871 de
212 1815 266 1871 hae
283 1835 314 1872 re
331 1835 406 1874 nune
421 1817 553 1888 tracturi,
571 1818 702 1890 quoniam
721 1818 758 1873 ad
775 1817 828 1872 hoe
845 1823 888 1872 est
905 1814 1062 1872 necessaria

62 1957 63 1960 ,
153 1901 255 1960 notitia
272 1902 609 1980 potestatipJneoeseitatis
610 1902 776 1982 ,voluntatis
783 1905 803 1972 ¹)
823 1907 851 1957 et
862 1899 980 1977 alierum
993 1917 1061 1974 qua·

154 1986 273 2042 tundam
290 2006 391 2060 rerum,
409 1993 481 2060 quse
501 1988 542 2043 sie
560 2006 590 2044 se
607 1989 724 2059 habent,
743 1994 775 2045 ut
790 2005 885 2043 earum
904 1983 983 2041 nulla
998 2005 1060 2059 poe·

153 2071 191 2124 eit
207 2069 288 2140 plene
305 2072 364 2129 sine
387 2075 450 2130 eliis
474 2074 661 2144 considerari,
684 2080 712 2130 et
729 2073 792 2128 ideo
810 2077 945 2128 tractatus
964 2089 1060 2128 earum

152 2171 234 2208 euum
256 2172 326 2226 opus
347 2159 470 2228 postulat
496 2175 553 2214 non
576 2149 707 2228 multum,
733 2165 766 2212 ut
793 2165 875 2230 puto,
899 2158 982 2212 faoile
1007 2175 1059 2213 neo

152 2239 264 2295 omnino
287 2241 401 2315 inutile3
432 2262 496 2300 nam
520 2232 615 2300 earum
640 2241 803 2316 ignorantie
828 2243 966 2312 quaedam
989 2243 1060 2298 feeit

151 2323 286 2390 difficilia,
305 2343 377 2396 quse
394 2347 444 2399 per
462 2347 558 2385 earum
568 2328 696 2384 notitiam
712 2327 783 2382 fiunt
793 2326 896 2382 facilia
922 2328 991 2384 Boe.
1011 2327 1057 2383 Sio
1076 2329 1091 2378 6

151 2410 273 2469 breviter
291 2411 326 2467 de
344 2411 387 2466 his
404 2414 461 2468 suis
479 2414 549 2470 loeis
568 2413 659 2470 dicere
675 2413 788 2484 poteris,
814 2418 846 2468 ut
864 2418 891 2468 et
908 2413 983 2484 quod
1000 2412 1057 2468 suf-

151 2495 230 2550 ficiat
247 2496 286 2552 ed
309 2513 442 2568 praesens
466 2517 535 2570 opus
552 2499 718 2568 habeamus,
741 2505 769 2555 et
789 2497 864 2570 quod
882 2497 946 2567 plus
964 2497 1057 2554 dioen-

151 2580 219 2638 dum
237 2582 327 2638 estin
344 2582 423 2638 aliud
440 2589 550 2655 tempus
570 2585 738 2651 differamus.
772 2584 841 2638 Aea.
866 2582 928 2638 Hoo
946 2600 1058 2655 quoque
1075 2584 1091 2635 7

150 2667 269 2722 multum
285 2686 330 2724 me
354 2668 471 2724 retrahit
492 2670 660 2740 apetitione
683 2675 745 2738 tua,
773 2668 839 2740 quia
861 2668 978 2729 materia
1001 2688 1058 2725 non

151 2753 241 2808 solum
263 2755 396 2825 pretiosa,
420 2755 471 2810 sed
497 2754 571 2810 sieut
596 2761 639 2810 eet
658 2754 692 2808 de
710 2752 836 2823 speciosa
853 2752 971 2821 formae
989 2772 1058 2826 prae

149 2835 216 2892 filiis
235 2837 391 2909 hominum,
414 2839 454 2894 sio
484 2838 567 2896 etiam
591 2843 634 2894 est
653 2839 688 2892 de
707 2837 834 2908 speciosa
851 2839 958 2896 ratione
975 2856 1059 2909 super

150 2920 307 2979 intellectus
318 2924 474 2995 hominum
494 2925 570 2980 unde
586 2924 678 2992 timeo,
696 2938 740 2991 ne,
757 2921 991 2994 quemadmodum
1005 2939 1058 2992 ego

150 3005 226 3062 soleo
244 3008 384 3082 indignari
405 3010 497 3082 pravis
521 3008 689 3080 pictoribus,
711 3023 775 3064 oum
798 3007 890 3077 ipsum
906 3004 1058 3061 Dominum

149 3095 276 3147 nostrum
293 3093 409 3166 informi
430 3095 521 3168 figura
540 3094 621 3166 pingi
639 3091 733 3163 video,
762 3091 803 3148 ita
821 3091 889 3146 mihi
906 3089 1057 3160 continget,

221 3250 247 3310 l)
262 3249 411 3316 potestatis
429 3257 455 3302 et
471 3247 642 3304 memsam
657 3255 688 3300 et
704 3243 856 3312 voluntatis
872 3239 953 3298 Aah
963 3241 1012 3297 oB
1025 3241 1056 3298 C.

219 3319 247 3384 2)
266 3317 507 3386 epeesbsosorma
523 3316 605 3373 Aba
622 3316 645 3372 O
664 3315 689 3370 Ε
706 3313 766 3370 Fa.

864 3401 900 3452 μ
