2628 3810
409 282 488 340 OUR
504 281 605 340 DEUS
621 281 741 340 Hono,
776 281 813 338 11.
835 286 878 340 10.
1058 281 1100 349 63

189 456 306 512 demus
321 453 359 508 ed
373 451 597 525 investigandum
608 451 645 509 de
656 451 714 522 iilo,
733 452 814 526 qussi
825 451 949 510 nondum
962 454 1006 522 sit,
1027 451 1100 509 sient

188 537 352 609 ineepimus
386 539 459 596 Dies
483 538 585 611 igitnn
615 539 639 593 si
663 551 780 606 peeenre
805 553 861 594 non
888 538 1003 609 poterii,
1034 539 1101 610 quis

188 627 262 682 sient
287 625 357 680 dieis
387 641 444 680 non
472 625 575 698 poterit
601 623 687 693 velle,
716 640 750 678 ex
779 623 944 680 necessitate
977 625 1107 681 servabit·

188 710 337 780 iustitiam,
367 727 453 784 quere
481 728 538 766 nen
568 727 602 766 ex
631 709 762 770 libettste
789 709 898 766 arbitrii
921 709 1011 765 iusnss
1038 710 1098 766 erit.

189 796 268 861 ane
292 796 379 869 igitur
402 795 495 869 grnfin
516 795 558 850 illi
579 812 631 867 pro
654 796 761 852 iustitis
780 811 833 850 sne
847 795 1014 850 debebitur?
1050 796 1099 852 So·
1119 789 1151 840 ¹⁰
1218 809 1224 826 ¹

188 882 279 938 lenius
295 899 416 954 nemque
434 882 542 952 dicere,
567 881 660 938 Deum
677 882 782 938 ideireo
799 880 899 937 fecisse
918 879 1050 952 angelum
1070 886 1100 937 et

188 967 328 1024 hominem
343 967 424 1037 inies,
448 967 497 1040 qni
515 983 633 1038 peceare
648 972 779 1039 possent3
800 973 937 1039 quatenus
956 984 1019 1022 enm
1035 983 1098 1038 pos-

189 1059 252 1110 sent
270 1055 396 1112 duetore
418 1054 552 1110 iustitiam
570 1059 600 1109 et
623 1071 658 1110 ex
675 1047 804 1110 libertate
821 1051 929 1108 arbitrii
949 1059 1098 1121 emerent,

188 1139 309 1211 gretiam
328 1146 356 1198 et
374 1140 486 1196 lsndem
510 1145 694 1208 mererentur,
719 1155 792 1212 qnse
817 1138 873 1196 illis
891 1139 916 1194 si
931 1139 1098 1195 necessitate
1157 1140 1170 1166 ·

188 1225 256 1281 iusti
282 1232 375 1282 essent
400 1242 457 1281 non
481 1225 657 1282 deberentur.
692 1229 762 1280 Am.
797 1226 897 1284 Nonne
914 1219 1023 1296 angeli,
1049 1219 1149 1296 quill

188 1311 271 1368 modo
297 1325 414 1382 peceare
443 1316 601 1384 nequeunt,
629 1309 765 1366 laudandi
796 1311 881 1367 sunt?
920 1313 991 1367 Boe.
1027 1311 1099 1368 Sunt

188 1395 294 1468 utique,
313 1397 381 1469 quin
396 1397 449 1452 hee
467 1398 544 1468 quod
562 1395 645 1452 medo
662 1413 720 1452 non
735 1403 854 1468 pessunt
871 1401 1032 1452 meruerunt
1049 1415 1100 1467 per

188 1480 255 1548 hoe,
280 1482 357 1554 quod
374 1489 526 1554 pomerani
541 1488 571 1540 et
587 1482 745 1538 noluerunt.
779 1483 850 1536 Ans.
879 1481 954 1546 Quid
974 1482 1044 1536 dieis
1063 1482 1100 1537 de
1119 1479 1150 1532 12

186 1566 263 1638 Deo,
286 1567 336 1640 qui
361 1584 479 1639 penem
499 1587 557 1625 non
578 1574 671 1639 potest
693 1584 746 1623 nee
771 1566 825 1624 hee
850 1567 952 1623 meruit
976 1583 1027 1637 per
1050 1584 1099 1638 pe

187 1657 317 1710 testatem
335 1654 485 1724 peeesndi,
510 1671 567 1726 qus
583 1671 640 1710 non
661 1652 803 1725 peeessit3
824 1668 917 1708 nonne
941 1652 1099 1708 landandus
1130 1677 1138 1696 ν

187 1745 231 1793 est
248 1757 300 1810 pro
316 1738 425 1796 iustitis
442 1738 513 1794 sus?
548 1741 617 1794 Boe.
644 1738 700 1794 Hie
716 1739 788 1809 sole,
814 1744 846 1793 nt
861 1738 1031 1809 respondens
1047 1755 1099 1809 pro
1119 1738 1150 1789 13

187 1840 248 1893 me;
277 1841 342 1880 nem
366 1825 391 1880 si
414 1825 477 1881 dieo
501 1842 565 1884 enm
587 1843 645 1880 nen
668 1841 729 1881 esse
753 1824 943 1893 laudandum,
971 1823 1028 1879 seio
1054 1841 1099 1881 me

189 1910 316 1980 mentiri3
345 1911 369 1968 si
386 1917 480 1968 entem
504 1911 566 1968 dieo
583 1911 770 1979 leudnndnm
795 1910 880 1968 timeo
901 1909 1041 1966 infirmae
1055 1927 1098 1964 re·

189 1993 294 2050 tionem
318 2014 402 2069 quem
424 1997 482 2054 dixi
508 1995 543 2052 de
565 1998 684 2070 angelis.
719 1999 789 2051 Am.
825 1995 930 2068 Angeli
953 2013 1011 2052 non
1034 1993 1152 2050 suntid

189 2079 324 2136 lendsndi
345 2082 380 2138 de
399 2083 506 2140 institis
527 2099 594 2152 sun,
623 2081 689 2154 quis
711 2099 829 2153 peecare
851 2088 1015 2153 potnerunt,
1048 2080 1098 2135 sed

190 2164 258 2236 quie
283 2182 334 2235 per
357 2167 411 2222 hoe
433 2169 639 2240 quodammodo
661 2183 680 2221 n
702 2184 733 2224 se
754 2165 861 2222 habent
883 2167 959 2239 quod
981 2181 1098 2236 peecare

189 2257 348 2322 nequeunt3
375 2253 405 2308 in
428 2272 484 2326 quo
507 2254 684 2326 aliquetenus
708 2251 812 2308 similes
831 2257 897 2306 sunt
912 2251 989 2320 Deo,
1013 2251 1063 2322 qni
1080 2266 1099 2304 e

188 2353 220 2392 se
244 2336 330 2392 hebet
355 2337 492 2410 quidquid
517 2339 612 2396 hebet.
653 2339 764 2394 Dicitur
789 2337 863 2394 enim
888 2337 954 2392 dsre
983 2334 1098 2406 siiqnid,
1119 2327 1150 2378 ¹5

190 2421 239 2494 qni
266 2440 322 2477 non
349 2422 442 2478 eufert
468 2425 580 2494 quande
597 2431 704 2496 potest3
733 2430 762 2480 ei
785 2424 880 2480 fecere
903 2439 963 2478 esse
983 2419 1099 2492 aliquid,

189 2507 238 2578 qui
260 2523 325 2562 enm
348 2508 437 2580 pessit
461 2508 491 2562 id
520 2511 612 2581 ipsum
637 2511 729 2568 faeere
756 2527 814 2566 non
839 2526 912 2579 esse,
940 2525 998 2563 non
1024 2506 1098 2562 feeit

189 2591 236 2648 sie
257 2592 352 2665 iisque
375 2611 439 2650 enm
461 2595 578 2668 angelus
602 2599 695 2670 potuit
722 2597 830 2656 auferre
847 2594 902 2651 sibi
918 2592 1054 2648 iustitiam
1071 2597 1100 2649 si

191 2694 247 2734 non
263 2679 394 2749 abstulit,
414 2687 443 2736 et
461 2680 553 2738 faeere
572 2699 601 2740 se
618 2701 675 2739 non
695 2695 756 2738 esse
776 2681 879 2736 iustum
898 2683 999 2734 einen
1017 2677 1099 2748 feeit;

190 2769 267 2818 reete
286 2765 419 2822 asseritur
435 2766 496 2837 ipse
515 2766 570 2822 sibi
589 2768 699 2825 dedisse
715 2767 857 2836 iustitiam,
877 2769 905 2820 et
923 2764 1046 2836 seipsum
1057 2765 1098 2818 iu-

191 2855 265 2906 stum
291 2852 399 2908 iecisse.
435 2851 498 2906 Hoe
525 2852 612 2924 igitur
639 2853 721 2907 medo
746 2852 831 2908 hebet
858 2869 877 2906 n
901 2868 931 2906 se
954 2847 1098 2918 iustitiam,
1118 2846 1151 2898 16

191 2933 269 3005 (quis
290 2944 418 2994 ereatura
442 2954 504 2994 esm
532 2936 615 2992 aliter
640 2955 658 2992 a
679 2954 709 2992 se
729 2937 832 2993 habere
856 2935 978 3008 nequit‚)
1004 2938 1033 2988 et
1056 2933 1098 2986 id-

188 3021 264 3077 eireo
281 3023 440 3080 laudandus
457 3030 500 3080 est
517 3023 552 3078 de
575 3040 627 3078 sua
649 3023 767 3094 iustitis,
791 3041 843 3080 nee
863 3019 1028 3078 necessitate
1048 3018 1098 3072 sed

188 3105 319 3164 libertate
341 3109 431 3165 iustus
454 3116 512 3179 est3
542 3108 609 3180 quie
636 3109 785 3180 improprie
811 3109 914 3164 dieitur
938 3103 1097 3174 necessitss,

189 3283 291 3334 euntur
314 3296 412 3349 posse,
434 3298 491 3336 non
514 3297 565 3337 sua
589 3281 640 3336 sed
666 3279 758 3336 aliena
782 3279 934 3350 potestaie3
958 3280 986 3330 ei
1007 3271 1097 3329 multe

187 3363 245 3403 non
263 3364 354 3418 posse,
372 3365 429 3404 non
445 3367 497 3405 sue
511 3351 561 3407 sed
580 3349 673 3405 aliene
688 3345 876 3421 impotentis“
