2628 3810
140 251 145 260 “
218 259 259 324 14
391 254 940 337 s.ausnnrncnunurn1nnsre

214 422 370 480 obediendo
402 425 604 495 perseveravit,
637 425 777 482 sustinuit.
820 426 893 484 Nam
915 425 994 480 illata
1017 431 1060 482 est
1082 418 1136 480 illi'

214 526 289 566 mors
318 509 385 580 quia
410 509 533 581 perstitit
559 511 589 566 in
619 510 791 581 obedientia,
818 518 847 567 et
876 511 948 566 bane
979 508 1125 580 sustinuit;

216 595 268 651 sed
286 595 425 666 quomodo
446 595 499 650 hoe
518 594 678 651 obedientia
699 613 757 651 non
782 597 894 669 exigat,
919 613 976 650 non
992 594 1125 666 intelligo.

183 681 199 731 6
217 682 288 735 Ans.
308 679 338 737 Si
356 680 438 748 homo
455 695 598 751 nunquam
615 681 771 752 peccasset,
792 681 906 738 deberet
923 681 983 750 peti
1000 686 1126 749 merten,

183 766 267 821 taut
290 765 404 826 deberet
422 765 500 820 Deus
526 766 577 822 hoc
601 766 639 821 ab
660 765 708 821 illo
727 765 858 837 exigere?
893 767 962 819 Bos.
987 765 1124 830 Quemad-

215 850 331 906 modum
356 851 508 919 oredimus,
531 867 582 908 nee
603 849 686 906 horno
713 847 866 904 moreretur
891 866 943 904 nee
960 849 1013 905 hoe
1033 852 1124 922 exige-

215 942 293 992 retur
317 936 354 991 sb
374 935 440 1006 illo,
464 936 514 992 sed
537 934 619 990 huius
642 935 683 990 rei
706 951 725 988 a
740 938 769 990 te
786 933 883 991 audire
900 935 963 989 volo
980 935 1124 992 rationem.

214 1023 285 1078 Aac.
311 1020 487 1075 Rationalem
514 1024 670 1075 ereaturam
695 1019 797 1074 iuetam
817 1018 920 1074 factam
946 1036 1007 1076 esse
1033 1027 1062 1076 et
1087 1020 1124 1076 ad

213 1106 275 1176 hoe,
296 1113 329 1161 ut
346 1105 408 1160 Deo
426 1104 544 1160 fruendo
563 1105 647 1161 beata
664 1111 747 1174 esset,
763 1122 820 1159 non
836 1121 931 1176 negas.
963 1106 1031 1160 Boe.
1051 1107 1124 1162 Non.

181 1193 285 1246 erem.
311 1191 373 1246 Deo
396 1197 489 1244 autem
512 1207 689 1264 nequequam
716 1189 875 1245 aestimabis
901 1189 1063 1258 convenire,
1091 1195 1124 1246 ut

215 1292 299 1348 quarn
325 1276 393 1332 feeit
416 1275 517 1332 iustam
543 1277 579 1331 ed
606 1275 823 1344 beatitudinem,
851 1281 934 1346 cogat
959 1273 1018 1328 sine
1041 1274 1125 1344 culpe

215 1378 275 1418 esec
304 1361 451 1432 miseram,
482 1363 622 1418 hominem
651 1360 725 1417 enim
753 1359 870 1415 invitum
896 1359 966 1414 mori
993 1357 1124 1414 miserum
1188 1402 1189 1406 ,

180 1448 197 1498 9
215 1450 266 1502 est
302 1450 371 1503 Bos.
395 1446 490 1516 Patet,
517 1447 584 1518 quie
599 1446 625 1501 ei
645 1463 701 1501 non
719 1451 864 1517 peccasset
880 1445 975 1514 homo,
999 1460 1056 1499 non
1076 1443 1123 1512 de·

165 1531 294 1590 roboret
318 1533 396 1590 Deus
423 1531 461 1588 ab
490 1549 523 1588 eo
553 1537 670 1587 mortem
695 1533 814 1605 exigere.
860 1525 931 1586 Am.
964 1529 1028 1586 Non
1056 1543 1124 1602 ergo

214 1617 308 1689 coegit
323 1618 404 1674 Deus
425 1616 566 1673 Christum
582 1617 665 1687 mori,
691 1617 720 1670 in
745 1633 801 1689 quo
825 1617 934 1672 nullum
955 1615 1010 1670 fnit
1026 1629 1125 1686 pecea-

213 1708 289 1773 tum,
315 1703 366 1758 sed
391 1703 451 1774 ipse
474 1707 572 1772 sponte
594 1701 725 1756 sustinuit
753 1707 884 1771 mortem,
911 1717 968 1756 non
988 1718 1043 1776 uper
1060 1698 1126 1756 obe·

214 1786 349 1842 dientiam
360 1825 362 1836 .
374 1785 520 1842 deserendi
544 1785 631 1839 vitam
654 1785 704 1840 sed
728 1791 843 1856 propter
861 1785 1049 1841 obedientiam
1068 1803 1124 1842 ser-

129 1889 145 1903 „,
214 1868 300 1923 randi
327 1869 475 1939 iustitiam,
504 1869 531 1922 in
563 1884 619 1940 que
644 1875 703 1924 tam
729 1869 838 1926 fortiter
864 1869 1064 1942 perseveravit,
1092 1877 1126 1927 ut

164 1953 194 2005 11
214 1946 281 2008 iude
301 1959 415 2009 mortem
437 1955 597 2010 incurreret
632 1954 731 2011 Potest
757 1956 841 2011 etiem
865 1954 935 2024 dici,
962 1954 1029 2027 quia
1044 1972 1123 2026 prae·

213 2037 292 2109 cepit
309 2037 351 2092 illi
368 2039 438 2093 mori
453 2039 539 2096 Pater
562 2058 626 2096 eum
653 2041 707 2103 hoe
731 2041 888 2112 praecepit,
916 2039 991 2094 unde
1008 2039 1125 2096 incurrit

212 2127 337 2178 mortem.
372 2122 417 2178 Its
436 2142 503 2198 ergo
520 2126 592 2182 sicut
608 2127 773 2181 mandatum
793 2127 872 2180 dedit
893 2125 935 2180 illi
952 2127 1057 2195 Pater,
1081 2127 1123 2182 eie

211 2208 294 2280 feeit,
323 2215 351 2265 et
375 2211 505 2283 calicem,
530 2230 610 2283 quem
634 2213 715 2266 dedit
731 2211 771 2280 ei,
799 2209 885 2281 bibit,
914 2216 942 2265 et
962 2213 1057 2276 factus
1074 2217 1124 2267 ‘est

213 2295 346 2350 obedieoe
363 2295 442 2350 Petri
465 2315 555 2369 usque
582 2297 618 2352 ed
636 2299 766 2366 mortem3
792 2295 878 2352 etsie
897 2297 1000 2351 didicit
1019 2314 1052 2352 cn
1070 2297 1122 2367 tie,

213 2398 286 2451 quoe
309 2399 412 2451 parete
438 2392 490 2449 cst,
520 2381 722 2449 obedientiam,
751 2381 770 2436 i.
791 2398 823 2450 e,
850 2395 994 2454 quousque
1021 2382 1124 2439 debeat

163 2462 196 2514 1²
214 2468 318 2522 serrari
344 2467 509 2524 obedientia
549 2467 675 2524 Verbum
702 2470 795 2521 autem
822 2467 897 2538 quod
923 2468 1047 2540 positum
1062 2474 1122 2539 est,

216 2553 335 2619 didicit,
379 2553 488 2607 duobus
522 2551 611 2608 modis
647 2551 768 2624 intelligi
801 2558 901 2624 potest
955 2552 1015 2608 Aut
1048 2552 1122 2608 enirn

213 2636 319 2690 didicit
345 2637 521 2701 dictumest
544 2653 609 2710 pro:
637 2637 706 2693 alios
734 2635 802 2693 fecit
829 2637 949 2706 discere,
978 2643 1028 2691 eut
1046 2635 1122 2706 quia,

213 2722 288 2792 quod
307 2739 358 2793 per
377 2720 520 2779 scientiam
544 2741 600 2779 non
622 2723 782 2796 ignorabat,
805 2723 993 2793 experimento
1011 2721 1121 2776 didicit.

163 2805 195 2856 13
213 2807 296 2872 Quod
323 2813 417 2864 autem
431 2868 433 2872 ,
448 2802 605 2882 apostolus,
639 2825 703 2864 eum
733 2807 864 2862 dixisset:
896 2806 1053 2859 humiliavit
1080 2823 1120 2860 se-

211 2893 365 2962 metipsum,
392 2894 490 2960 foetere
518 2895 649 2949 obediente
674 2911 760 2965 nepteo
785 2894 828 2946 nd
852 2899 978 2959 mortem,
1004 2898 1120 2945 monem

212 2987 305 3033 autem
335 2979 441 3045 oncis,
467 2977 606 3034 subdidit:
630 2988 750 3049 propter
776 2979 855 3048 quod
878 2984 905 3032 et
933 2979 1013 3030 Deus
1038 2975 1120 3031 illum

210 3064 359 3133 mutavit,
384 3070 414 3119 et
435 3063 553 3118 denovit
572 3063 621 3117 illi
643 3069 757 3127 nomen,
781 3063 859 3133 quod
881 3069 922 3116 cet
937 3078 1023 3132 saper
1041 3079 1120 3116 omna

207 3153 349 3218 nomem)
377 3148 425 3204 cui
446 3147 535 3204 simile
560 3154 602 3204 est
624 3149 700 3219 quod
716 3147 810 3204 David
834 3146 916 3202 dixit:
945 3149 980 3202 de
992 3155 1119 3216 ‚merite

282 3303 310 3373 1)
325 3301 448 3375 Philipp.
467 3310 494 3376 2,
508 3308 534 3364 9ss
