2628 3810
382 287 460 352 cun
478 286 579 344 neus
596 285 716 350 nono.
752 287 776 344 1.
797 294 837 346 n.
857 293 894 347 se.
1049 289 1091 361 nr

181 456 321 516 versitatis
345 463 499 528 spontanea
526 455 679 520 satisfactio
705 456 751 512 vel
782 475 800 514 a
824 475 880 522 nan
906 457 1094 516 satisfaciente

184 541 418 682 poenaffactio
436 545 562 613 (excepto
580 543 640 604 hec,
659 543 733 613 quod
752 542 831 598 Deus
848 545 884 598 de
902 543 981 608 malis
1001 543 1094 606 multi·

184 627 273 692 modis
318 643 372 689 oua
398 627 475 684 facin
505 628 534 683 in
557 629 655 692 eadem
678 627 858 684 universitate
880 630 973 684 locum
997 635 1094 685 terem

186 729 267 767 suum
287 718 316 767 et
332 712 437 768 ordinis
454 713 698 784 pulchritudinem.
734 713 811 779 Quas
828 714 851 768 si
870 715 965 770 divina
983 713 1093 784 sapien·
1113 721 1144 774 10

183 798 238 867 tie,
266 797 314 852 ubi
336 799 502 867 perversitas
528 805 634 853 rectum
652 800 783 865 ‚ordinem
806 799 969 870 perturbare
985 801 1093 865 nititur,

185 900 242 938 aon
262 883 391 951 adderet,
415 881 495 938 fieret
516 883 546 936 in
567 883 630 954 ipsa
652 883 831 939 universitate
848 903 932 955 quam
949 886 1027 940 Dens
1046 887 1093 942 de·

182 969 232 1024 bet
256 968 397 1036 ordinare,
420 967 557 1040 quaedam
579 986 613 1024 ex
637 969 741 1025 violata
762 970 866 1032 ordinis
886 969 1093 1039 pulchritudine

186 1054 361 1123 deformitas,
386 1061 413 1108 et
430 1055 508 1110 Deus
533 1054 563 1108 in
589 1070 641 1108 sua
664 1055 848 1126 dispositione
864 1055 1007 1110 videretur
1026 1054 1092 1112 defi·

184 1157 254 1196 cere.
290 1138 369 1204 Quae
388 1138 444 1193 duo
463 1139 596 1209 quoniam
613 1138 685 1194 siout
704 1147 768 1196 sunt
788 1139 1024 1209 inconvenientia,
1053 1139 1141 1195 itali

184 1231 248 1280 sunt
268 1224 464 1294 impossibilia,
488 1241 602 1281 necesse
619 1233 675 1294 est,
699 1231 732 1286 ut
749 1243 831 1282 omne
847 1232 992 1296 peceatum
1012 1225 1092 1280 satis-

181 1311 267 1372 faetIo
291 1317 341 1364 ant
363 1325 455 1378 poena
477 1321 617 1382 sequatur.
655 1312 725 1364 Bos.
762 1310 926 1366 satisfecisti
944 1309 1093 1366 obiectioni

183 1412 268 1460 mese.
304 1396 375 1449 Aac.
399 1395 497 1456 Palam
517 1401 560 1448 est
580 1410 660 1465 ergo,
689 1391 756 1464 quia
774 1393 881 1462 Deum,
908 1403 1044 1466 quantum
1062 1395 1092 1450 iu
1112 1399 1144 1450 12

184 1481 245 1552 ipso
271 1487 327 1550 est,
355 1479 449 1534 nullus
475 1486 566 1548 potest
591 1479 726 1535 honorare
752 1476 806 1531 velx
823 1478 1005 1549 exhonorare3
1035 1480 1093 1549 sed,

186 1574 320 1639 quantum
338 1565 368 1618 in
386 1582 416 1619 se
431 1571 489 1632 est,
514 1564 567 1620 hoo
586 1563 686 1635 aliquis
705 1561 798 1618 facere
819 1562 943 1632 videtur,
964 1581 1028 1618 oum
1045 1581 1093 1619 vo-

185 1651 319 1707 luntatem
346 1667 424 1711 suam
452 1649 589 1705 voluntati
617 1649 676 1705 eius
708 1647 833 1715 subiicit,
865 1654 915 1702 aut
944 1648 1092 1703 subtrahit

185 1739 253 1794 Bos.
288 1735 404 1805 Nescio,
430 1733 499 1805 quid
516 1741 614 1789 contra
633 1751 732 1806 queam
751 1735 850 1790 dicere.
884 1734 955 1796 Δηι.
991 1732 1093 1788 Adhuc
1112 1741 1143 1792 13

185 1822 286 1876 addam
295 1820 410 1892 aliquid.
429 1823 500 1874 Bos.
514 1820 635 1874 'l'amdin
644 1821 697 1890 die,
710 1820 800 1874 donee
808 1834 853 1872 me
864 1819 977 1874 taedeat
987 1819 1092 1874 audire.

267 1957 336 2042 lli.
385 1993 455 2046 Ans.
489 1990 581 2048 Deum
599 1997 709 2046 constat
726 1991 910 2066 proposuisse,
938 1996 971 2045 ut
990 1989 1025 2045 de
1042 1957 1124 2044 tri-1

186 2091 269 2130 mana
287 2083 387 2133 natura
405 2095 489 2149 quam
507 2076 574 2132 fecit
591 2077 650 2131 sine
670 2086 794 2146 peccate,
814 2093 959 2131 numerum
979 2076 1092 2146 angelo-

184 2177 247 2214 rum
273 2161 321 2232 qui
344 2163 503 2218 ceciderant
526 2161 690 2218 restitueret
702 2163 720 2228 ¹)
757 2163 826 2217 Bos.
860 2161 922 2216 Hoc
945 2162 1092 2231 credimus,

185 2244 235 2305 scd
264 2243 364 2304 vellem
392 2247 514 2318 aliquam
542 2246 624 2302 huius
651 2247 693 2302 rei
719 2245 853 2300 rationem
876 2244 987 2299 habere.
1022 2246 1127 2300 Armi

185 2329 272 2384 Follis
291 2345 350 2398 me,
368 2347 423 2386 non
441 2331 515 2386 enim
534 2332 728 2402 proposuimus
746 2336 867 2386 tractare
884 2329 938 2384 nisi
950 2329 985 2384 de
1002 2329 1092 2384 incar-

185 2413 297 2470 natione
325 2414 394 2484 Dei;
423 2421 453 2469 et
482 2421 514 2468 tu
541 2415 608 2469 mihi
640 2417 709 2472 alias
739 2414 879 2470 interseris
910 2414 1093 2486 quaestiones.

185 2503 254 2557 Bos.
307 2500 350 2556 Ne
390 2500 535 2568 irascaris3
572 2502 690 2554 hilarem
727 2503 799 2554 enim
835 2504 962 2556 datorem
997 2502 1126 2570 carpite

186 2586 311 2654 Deus,·²t
347 2603 412 2642 nam
441 2600 522 2638 nemo
556 2586 656 2654 probat
689 2585 778 2657 magis
811 2603 841 2641 se
871 2585 997 2642 hilariter
1025 2587 1093 2642 dare

188 2671 263 2741 quod
280 2672 429 2742 promittit,
451 2686 535 2740 quam
555 2671 604 2741 qui
622 2671 685 2740 plus
705 2673 754 2724 dat
771 2688 854 2742 quam
871 2671 1020 2742 promittit;
1046 2673 1092 2727 dic

187 2771 252 2827 ergo
278 2757 397 2813 libenter
423 2757 499 2827 quod
519 2771 628 2826 quaero.
665 2758 735 2810 Ans.
761 2757 935 2822 Rationalem
955 2761 1127 2824 naturam

186 2845 258 2910 quae
274 2841 330 2898 Dei
354 2841 589 2912 contemplatione
616 2840 700 2898 beata
721 2842 766 2898 vel
790 2849 833 2904 est
856 2843 901 2898 vel
922 2844 1018 2900 futura
1041 2848 1092 2912 est,
1154 2861 1197 2883 υ

257 3081 282 3148 1)
300 3080 359 3135 Οἰιζ
368 3081 396 3138 S.
407 3082 562 3150 Argentini
573 3079 754 3135 Enchiridion
767 3081 804 3136 ad
818 3079 999 3148 Laurentium
1012 3095 1036 3133 e.
1049 3083 1090 3134 ²9.
1120 3137 1123 3142 ,

183 3147 228 3204 De
246 3147 364 3204 Ciuitate
383 3151 437 3204 Dei
458 3157 499 3220 22,
521 3157 542 3204 l.
565 3180 600 3189 -
623 3149 663 3203 10.
689 3150 764 3205 Secti
791 3153 934 3215 Isre'penue
958 3147 993 3202 de
1012 3147 1091 3202 Divi·
1114 3157 1116 3161 ‘

183 3217 260 3273 sione
284 3217 407 3273 Naturae
431 3219 463 3273 L.
488 3229 512 3275 t.
536 3237 564 3290 p.
588 3225 639 3275 otu
663 3235 704 3290 sq.
729 3219 773 3274 ed.
797 3218 932 3273 Schlttter.
968 3216 1090 3272 Monast·

183 3284 280 3342 Guesa
301 3291 374 3342 raas.
843 3323 844 3328 η
1088 3321 1090 3326 ,

192 3415 195 3424 ‚
252 3357 279 3424 2)
299 3361 322 3412 2.
340 3353 462 3412 Corinth.
480 3361 505 3426 a,
524 3362 547 3411 t.
