2628 3810
457 299 676 358 PRAEFATIO
694 299 881 362 sununs.
1106 305 1163 348 vu·

192 469 274 540 haee
295 469 362 538 fere
383 478 457 539 sunt
479 491 562 556 qnae
587 470 766 557 praefanda
788 493 864 542 esse
882 471 1059 543 videantur.
1101 473 1152 540 Ao

191 556 341 642 primum*
372 556 501 640 quidem
533 557 776 642 investigemus,
824 559 1014 642 quibusnam
1050 561 1150 626 oensis

191 641 327 708 internis
355 643 536 710 externisve
565 642 721 709 adductus
741 643 779 709 A.
802 644 955 729 scriptum
977 643 1057 710 illud
1078 663 1150 709 con·
1196 673 1204 696 κ

191 726 312 792 fecerit.
356 727 427 792 Iam
447 728 590 794 Priorem
611 729 815 814 Becceusem,
841 729 1017 814 perfidem
1039 728 1081 794 cd
1103 727 1150 794 in·

192 812 355 876 tellectum
388 812 577 911 proficiendi
610 813 804 897 studiosum,
835 815 901 880 vim
932 814 1152 896 rationemque

193 896 304 962 mortis
326 896 445 962 Obrrsti
472 898 614 964 vicariae
644 935 687 946 —
716 918 757 962 cx
782 919 846 982 qua
872 898 992 998 pendet
1011 898 1152 963 humana
1253 950 1256 960 ,

195 980 283 1046 salus
305 1017 342 1026 —
366 989 473 1048 mente
495 983 652 1067 agitasse,
673 990 763 1066 patet
784 1004 825 1050 ex
847 985 986 1068 Dralogo
1008 983 1068 1067 „de
1089 983 1151 1050 Ve-

194 1064 325 1148 ritate,“
352 1067 441 1132 ouius
468 1067 559 1151 origo
586 1067 619 1132 in
641 1087 759 1134 annum
782 1069 911 1149 circiter
931 1069 1013 1134 1065
1034 1073 1083 1133 est
1103 1087 1151 1132 re-

196 1149 341 1234 ferenda,
369 1152 522 1234 cuiusque
543 1152 576 1216 in
598 1152 704 1237 eapite
726 1159 839 1221 octavo
862 1160 1018 1237 quatenus
1038 1150 1153 1218 eadem

195 1255 245 1302 res
265 1235 383 1319 debeat
408 1255 481 1303 esse
507 1245 539 1302 et
559 1257 623 1302 non
646 1257 718 1304 erse
740 1238 936 1322 edisserens,
966 1238 1050 1305 inter
1070 1237 1153 1303 alia:

194 1320 369 1404 „Dominus
392 1321 499 1405 Iesus,
520 1321 637 1406 inquit,
668 1323 744 1405 quia
771 1325 858 1390 solus
890 1323 1043 1390 innocens
1073 1327 1153 1408 erat,

193 1425 257 1472 nou
285 1405 396 1474 debuit
423 1412 557 1472 mortem
583 1406 653 1492 pati
683 1427 743 1472 neo
772 1409 856 1474 ullus
870 1428 953 1474 eam
974 1407 1022 1474 illi
1043 1405 1155 1472 debuit

193 1491 327 1576 inferre,
356 1497 522 1558 ettamen
552 1511 623 1564 eam
653 1491 763 1558 debuit
792 1493 878 1576 pati,
906 1493 982 1575 quia
1010 1491 1080 1576 ipse
1102 1513 1154 1562 sa-

193 1577 320 1660 pienter
349 1581 382 1640 et
407 1577 546 1660 benigne
573 1585 606 1642 et
633 1577 754 1642 utiliter
774 1577 875 1643 voluit
897 1597 969 1642 eam
990 1571 1155 1642 sufferrc.“

193 1661 232 1724 In
253 1659 390 1726 lectione
412 1668 520 1726 autem
541 1670 668 1747 patrum
695 1662 852 1728 ecelesiae
873 1661 991 1728 veteris
1013 1659 1156 1746 (Hilarii,

193 1745 368 1830 Ambrosii,
389 1747 577 1832 Augustini,
599 1747 716 1814 Leonis
737 1747 788 1830 M,
813 1747 961 1831 Gregorii
981 1747 1024 1813 M.
1047 1745 1154 1830 all.)1)

193 1867 237 1874 -
253 1849 387 1912 quorum
407 1838 481 1916 post
502 1851 528 1896 s.
544 1831 706 1916 apostolos
728 1852 789 1898 neo
809 1852 906 1900 voces
927 1831 1019 1898 flocci
1033 1850 1155 1916 pepen-

193 1912 242 1979 dit
262 1922 294 1980 et
311 1916 452 2014 vestigia
472 1915 526 2000 pie
548 1916 669 1982 studuit
689 1937 892 2001 premere-
906 1937 1004 2000 quum
1024 1915 1155 1982 scholae
1196 1943 1197 1946 ¹

194 2001 414 2066 monasteriali
433 2002 637 2099 praepositus
658 2001 791 2078 multum
811 2003 958 2085 sudaret,
990 2001 1032 2066 de
1052 2001 1154 2068 notio·

194 2082 288 2150 nibus
314 2084 519 2152 redemtronis
552 2091 585 2150 et
613 2086 880 2153 reconciliationis
908 2087 1032 2154 invenit
1057 2105 1154 2170 expo·

194 2167 274 2245 sita,
302 2169 470 2252 inquibus
497 2170 644 2236 sibinen
663 2170 929 2255 acquiescendum
951 2191 1023 2238 esse
1045 2170 1155 2236 existi-

195 2253 304 2321 mavit.
362 2253 517 2332 Quamvis
552 2256 637 2320 enim
669 2275 779 2322 omnes
816 2255 890 2322 inde
922 2257 963 2322 ab
999 2254 1155 2320 ecclesiae

194 2337 378 2421 primordiis
409 2345 509 2407 testes
541 2341 588 2405 illi
618 2340 763 2408 veritatis
798 2341 949 2425 sanguini
976 2339 1155 2407 Salvatoris

194 2442 259 2488 non
279 2423 443 2508 potuerint
470 2425 536 2491 vim
565 2445 648 2508 quae
678 2427 708 2492 ei
736 2426 869 2492 debetur
900 2423 1156 2511 propitiatoriam

196 2527 235 2572 ae
262 2507 511 2575 satisfactoriam
542 2530 607 2576 uon
635 2511 825 2596 attribuere,
855 2511 914 2578 bos
941 2517 1050 2588 tamen
1077 2527 1155 2593 prae

196 2592 269 2658 aliis
290 2593 368 2658 fidei
390 2594 533 2660 articulis
562 2595 760 2661 instituenda
779 2597 813 2661 in
835 2621 943 2662 canoas
964 2593 1155 2661 incarnatio-

195 2677 246 2744 nis
265 2685 297 2744 et
318 2679 480 2762 passionis
503 2678 622 2744 Christi
650 2700 708 2764 per
730 2680 929 2764 eundemque
951 2685 1157 2764 comparatae

196 2759 334 2829 humano
355 2765 468 2848 generi
497 2763 611 2830 salutis
632 2767 757 2829 modom
778 2765 984 2848 inquisitione
1005 2770 1158 2830 accurata

198 2949 288 3004 dieser
305 2949 469 3020 Beziehung
487 2950 571 3006 reden
592 2949 669 3017 ltsst,
686 2966 762 3003 muas
780 2966 845 3004 man
857 2965 959 3006 unsorn
971 2946 1159 3006 Scholastilrer

199 3017 239 3070 als
268 3019 322 3073 den
350 3026 442 3074 ersten
468 3019 509 3073 Be
547 3019 633 3073 '‘nder
661 3018 807 3073 desselben
834 3017 1005 3074 betrachten.
1032 3049 1066 3056 -
1093 3015 1158 3072 Von

198 3086 294 3142 keiner
317 3087 407 3148 seiner
430 3086 513 3142 Schr‘
535 3105 570 3142 en
595 3088 664 3141 lassi
690 3087 748 3142 sich
773 3104 803 3141 so
826 3088 890 3142 sehr
912 3088 1082 3158 behaupten,
1106 3084 1158 3140 wie

198 3170 253 3208 von
279 3155 332 3210 deu
350 3155 408 3210 BB.
428 3155 485 3210 Cur
503 3155 580 3212 Deus
597 3155 702 3225 Homo,
728 3155 791 3210 dass
817 3155 856 3212 sie
880 3157 927 3212 fiir
944 3156 988 3211 die
1006 3158 1158 3228 gesammte

198 3223 302 3276 Kircte
321 3223 427 3278 Fruoht
444 3231 578 3296 getragen
595 3224 653 3280 und
671 3225 757 3281 ihrem
776 3224 917 3282 innersten
927 3225 1018 3280 udan
1035 3241 1071 3278 nu
1083 3221 1160 3278 Gute

196 3291 361 3363 gekommen
377 3293 440 3351 iet.u
1086 3324 1093 3338 ·

146 3395 150 3402 ·
271 3383 295 3444 l)
315 3377 388 3434 Vide
409 3377 436 3434 S.
455 3379 524 3432 Ans.
543 3379 740 3448 Epistolamm
759 3378 823 3434 Lib.
840 3379 892 3448 IV,
911 3383 968 3436 106.
