2628 3810
467 302 686 362 PRAEFATIO
703 302 891 362 suffosis.
1128 297 1161 349 ΧΥ
1279 361 1281 366 ,

199 479 438 546 ecclesiasticae
454 501 482 544 a.
499 479 530 545 S.
546 479 699 545 Anselmo
715 485 826 544 contra
841 477 1035 544 Guilelmum
1049 493 1160 564 regem

199 572 365 650 suscepta;
396 585 478 648 quae
511 564 586 629 dum
615 565 823 649 gerebantur,
857 570 965 628 nostro
998 563 1161 650 denegata

153 660 156 666 '
199 657 249 716 est
270 651 492 734 opportunitas
508 669 607 734 saepe
628 651 662 714 in
677 649 878 714 remotiorem
894 669 1040 715 camerae
1055 651 1160 716 locum

199 733 371 802 secedendi
393 734 648 818 coelestibusque
673 733 786 800 studiis
807 733 1013 818 inhaerendi;
1043 755 1082 800 ac
1104 757 1160 802 ra·
1269 742 1271 747 '

201 821 268 885 riae
301 819 522 886 tribulationes
555 839 627 884 eum
664 825 850 904 coegerunt,
885 818 919 882 in
951 818 1161 904 longinquum

200 912 325 989 tempus
348 904 477 970 differre
491 903 661 969 voluminis
681 904 767 970 illius
790 904 896 988 coepti
918 905 1161 972 consummatio

201 1009 284 1055 nem.
326 991 470 1055 Tandem
498 987 621 1054 flumini
649 1009 684 1054 se
713 989 842 1055 obvium
867 988 950 1054 ferre
979 993 1082 1056 solum
1103 991 1161 1056 im-

159 1081 164 1088 “
202 1082 314 1158 potens
348 1075 390 1142 ad
422 1075 532 1141 sedem
564 1075 775 1157 apostolicam
813 1074 971 1159 contugit3
1011 1076 1044 1140 id
1077 1076 1162 1162 quod

203 1177 300 1245 supra
327 1178 402 1243 pag.
430 1161 459 1224 V
492 1159 723 1224 enarravimus.
777 1160 839 1223 Per
867 1159 928 1225 hoc
959 1168 1065 1225 autem
1095 1163 1161 1228 exi-

203 1244 278 1309 lium
308 1245 456 1309 Italicum
483 1244 643 1310 Iohannes
673 1243 783 1310 Abbas
812 1245 956 1310 coenobii
986 1245 1018 1310 S.
1049 1241 1161 1311 Salva-

137 1385 139 1388 ,
201 1331 279 1397 toris
302 1330 389 1415 apud
410 1330 551 1395 Telesim
574 1329 607 1393 in
633 1329 791 1414 Capuaua
812 1330 979 1412 provincia
1001 1332 1063 1415 siti,
1086 1333 1162 1398 olim

201 1416 377 1482 Monachus
399 1416 570 1480 Beocensis
600 1420 632 1479 et
654 1413 686 1478 S.
708 1413 852 1479 Anselmi
875 1414 1066 1500 discipulus,
1094 1439 1160 1482 ma·

201 1503 337 1585 gistrum
359 1501 556 1566 carissimum
579 1508 615 1564 ut
630 1499 663 1563 in
678 1500 780 1583 ipsiius
797 1498 875 1563 uilla
891 1499 1021 1586 Solaria
1034 1521 1163 1569 menses

201 1607 230 1650 a.
262 1586 344 1650 1098
377 1585 517 1650 aestivos
550 1584 744 1667 transigeret
774 1584 976 1667 hospitaliter
1003 1586 1163 1653 invitavit.

202 1671 274 1735 Huc
295 1671 405 1753 itaque
427 1670 565 1734 devertit
586 1671 661 1734 exul
684 1676 715 1733 et
730 1669 791 1733 hac
811 1669 845 1732 in
862 1669 1058 1735 habitatione
1074 1692 1162 1736 mon-

201 1762 296 1820 tuosa
316 1757 544 1839 turbarumque
565 1756 701 1820 tumultu
718 1774 822 1819 vacua
840 1755 970 1820 vacavit
984 1755 1036 1820 die
1053 1764 1162 1822 noctu-

204 1859 265 1922 que
288 1860 360 1904 cum
383 1839 512 1906 divinae
535 1839 795 1923 contemplationi
816 1845 883 1903 tum
903 1841 1043 1906 secundo
1062 1845 1164 1908 nostri

203 1930 359 1990 tractatus
401 1925 482 1989 libro
525 1923 737 2006 conficiendo,
787 1943 980 2008 quamquam
1024 1928 1164 2011 spatium

205 2010 446 2090 quaestionibus
468 2029 550 2093 quae
578 2010 762 2074 restiterant
787 2009 963 2075 enodandis
987 2013 1065 2078 satis
1092 2033 1164 2077 oon-

205 2113 319 2176 gruum
360 2101 474 2160 nactus
516 2113 580 2158 non
623 2101 680 2159 est.
747 2095 786 2158 In
819 2096 970 2179 Angiiam
1006 2117 1164 2183 reversus,

205 2177 316 2262 scripti
348 2179 445 2245 totius
476 2179 697 2263 apographum
729 2197 788 2262 per
823 2182 996 2247 monachos
1026 2183 1163 2247 Oantua-

205 2263 328 2329 rieuses
361 2270 505 2328 curatum
536 2283 619 2329 anno
653 2264 753 2328 ferme
782 2265 866 2329 1104
894 2266 1043 2330 Paschali
1071 2267 1165 2334 huius

204 2348 342 2413 nominis
365 2349 505 2414 secundo
524 2348 636 2434 Papae
658 2349 844 2416 transmisit.
855 2347 881 2435 ¹)

269 2432 383 2510 Quoad
412 2437 542 2498 indolem
571 2434 678 2519 operis
706 2438 922 2519 internamque
952 2438 1165 2521 oeconomiam,

206 2517 240 2582 id
270 2539 369 2602 quare
401 2519 600 2602 inscripserit
639 2519 724 2603 „Cur
755 2519 844 2585 Deus
876 2518 1017 2603 Homo,“
1048 2520 1166 2603 quidve
1224 2548 1230 2554 ·

206 2601 301 2668 suerit
323 2624 378 2669 cur
398 2605 432 2669 in
452 2605 550 2670 libros
571 2605 753 2670 distinxerit
774 2604 862 2688 duos,
886 2625 925 2670 ae
947 2606 1042 2687 quale
1057 2625 1166 2671 eorum

207 2687 250 2752 sit
283 2688 454 2756 discrimen
486 2689 666 2774 materiale,
698 2726 740 2735 -
774 2690 806 2756 S.
833 2690 1005 2757 Anselmus
1033 2690 1104 2775 ipse
1132 2691 1166 2756 in

206 2772 410 2842 Praefatioue
438 2795 498 2840 sua
523 2775 680 2858 exposuit.
735 2774 868 2858 Dialogi
897 2782 1004 2842 autem
1031 2775 1167 2840 formam

206 2857 242 2922 L.
264 2859 281 2922 Ι
302 2879 328 2924 c.
353 2861 370 2924 1
396 2879 421 2924 s.
444 2859 558 2926 tideo
579 2879 614 2926 se
636 2858 753 2926 fatetur
774 2859 972 2943 adhibuisse,
996 2859 1166 2944 „quoniam

208 2961 249 3005 ea
278 2963 360 3024 quae
388 2965 447 3028 per
474 2944 758 3027 interrogationem
791 2951 823 3009 et
851 2945 1091 3029 responsionem
1120 2944 1166 3008 iu-

207 3027 421 3113 vestigautur‚
451 3029 559 3094 multis
586 3037 618 3094 et
646 3029 785 3093 maxime
814 3029 1007 3094 tardioribus
1028 3029 1167 3112 ingeniis

208 3112 313 3194 magis
334 3120 447 3199 patent
474 3122 506 3180 et
531 3113 604 3180 ideo
632 3115 706 3197 plus
736 3115 865 3199 placent
873 3114 900 3198 ;“
930 3112 1015 3197 quod
1038 3115 1167 3198 quidem

107 3408 109 3413 ·
227 3347 230 3353 ’
274 3367 305 3451 ἰ)
323 3382 378 3438 oe.
400 3383 426 3438 s.
446 3385 515 3438 Ans.
535 3385 732 3454 manarum
750 3381 813 3436 nro.
832 3380 882 3450 lv,
902 3387 944 3437 aa.
