2628 3810
405 285 492 344 'GUR
508 283 610 342 Duos
627 283 817 351 Hortatur
837 291 863 341 7.
1054 285 1096 352 57

268 459 310 544 70
361 491 431 546 Aac.
467 489 697 562 Investigandum
723 491 801 565 est1)
835 505 923 558 nunc,
961 489 1129 561 quomodol

189 577 278 650 possit
294 576 355 632 fieri
372 573 450 632 Deus
466 578 557 633 homo.
592 576 697 630 Divina
721 576 795 631 enim
813 580 914 629 natura
934 580 961 629 et
977 573 1099 628 humana

190 683 247 720 non
265 669 382 733 possunt
401 663 430 717 in
454 662 572 730 invicem
593 660 709 726 mutari,
736 665 769 712 nt
791 658 886 714 divina
910 658 961 714 fiat
977 659 1100 716 humana

190 750 235 804 vel
254 747 375 803 humana
394 747 502 818 divina,
526 763 578 802 nec
602 746 642 800 ita
661 745 787 815 misceri,
810 751 842 798 ut
860 745 999 817 quaedam
1016 744 1100 799 tertia

191 834 228 888 sit
247 852 280 890 ex
301 834 426 902 duabus,
447 849 518 904 quae
532 850 585 887 nec
602 831 696 886 divina
716 831 752 886 sit
769 830 879 887 omnino
898 848 950 886 nec
968 830 1099 884 humana.

190 919 320 990 Denique
348 919 372 973 si
397 917 457 973 fieri
481 923 590 988 posset,
616 925 649 971 ut
673 918 762 973 altera
778 918 808 972 in
825 917 941 971 aiteram
959 913 1131 970 converte-²

190 1010 281 1069 retur,
314 1009 363 1058 aut
381 1010 454 1059 esset
478 1008 587 1058 tantum
607 1001 684 1056 Deus
709 1010 736 1058 et
758 1020 816 1056 non
842 1002 924 1057 homo
944 1007 993 1056 aut
1010 1000 1100 1055 solum

189 1090 271 1145 homo
291 1096 319 1145 et
335 1108 391 1145 non
409 1090 496 1145 Deus.
529 1089 589 1142 Aut
607 1087 631 1141 si
655 1087 837 1143 miscerentur
854 1089 907 1157 ita,
930 1092 963 1141 ut
981 1105 1014 1142 ex
1031 1085 1099 1139 dua·

190 1177 243 1232 bus
260 1177 397 1246 corruptis
415 1175 495 1232 fieret
512 1174 650 1246 quaedam
672 1173 767 1242 tertia,
795 1173 1039 1244 (quemadmodum
1064 1172 1099 1226 de

191 1262 299 1318 duobus
316 1261 467 1317 individuis
485 1259 650 1315 animalibus
671 1259 842 1312 diversarum
855 1259 1009 1328 specierum
1028 1274 1099 1311 mas-

191 1347 254 1403 culo
276 1353 305 1402 et
329 1347 434 1401 femina
457 1345 582 1399 nascitur
601 1343 726 1412 tertium,
754 1342 830 1413 quod
855 1359 906 1397 nec
924 1342 1012 1414 patris
1029 1344 1099 1399 inte-

190 1449 270 1504 gram
287 1448 339 1488 nec
357 1431 452 1486 matris
472 1437 565 1485 servat
584 1433 722 1496 naturam,
742 1427 793 1482 sed
812 1446 845 1482 ex
857 1433 974 1499 utraque
988 1429 1100 1484 tertiam

191 1517 316 1584 mixtam)
345 1535 397 1573 nec
420 1518 502 1571 homo
524 1520 598 1570 esset
620 1531 671 1568 nec
689 1512 775 1568 Deus.
810 1513 874 1568 Non
897 1514 983 1586 igitur
1006 1509 1133 1584 potest3
1175 1553 1197 1565 .-

190 1603 251 1659 fieri
269 1602 362 1658 homo
372 1603 465 1666 Deus,
486 1619 569 1672 quem
587 1598 746 1672 quaerimus
767 1615 801 1652 ex
819 1598 913 1652 divina
932 1606 960 1654 et
978 1597 1100 1656 humana

191 1697 299 1754 natura,
328 1696 377 1743 aut
394 1687 571 1744 conversione
589 1683 702 1740 alterius
727 1683 757 1738 in
781 1685 896 1738 alteram
920 1690 969 1739 aut
988 1701 1099 1756 corrup-

191 1775 250 1830 tiva
266 1774 459 1830 commixtione
481 1773 626 1843 utriusque
652 1771 682 1825 in
704 1770 830 1839 tertiam,
855 1770 922 1842 quia
945 1770 1014 1825 haec
1039 1769 1100 1824 fieri

191 1867 340 1932 nequeunt,
359 1867 408 1916 aut
426 1859 451 1913 si
467 1858 529 1914 fieri
546 1858 683 1928 valerent,
709 1857 779 1911 nihil
796 1857 832 1911 ad
851 1854 905 1910 hoc
924 1856 998 1927 quod
1017 1872 1099 1927 quae-

192 1945 278 1998 rimus
301 1946 433 2002 valerent.
475 1942 506 1999 Si
530 1947 624 1999 autem
647 1943 772 2014 quolibet
795 1943 876 1997 modo
902 1942 942 1997 ita
968 1941 1135 2012 coniungit

193 2027 323 2084 dicuntur
341 2029 394 2086 hae
412 2032 485 2084 duae
507 2034 624 2082 natrrrae
642 2028 783 2099 integrae,
810 2033 842 2080 ut
865 2033 959 2082 tamen
975 2027 1046 2082 alius
1064 2026 1101 2080 sit
1121 2023 1125 2032 ⁴

192 2115 274 2170 homo
295 2116 366 2169 alius
386 2115 423 2170 sit
440 2115 525 2184 Deus,
544 2119 573 2168 et
589 2129 646 2166 non
664 2113 739 2166 idem
757 2112 793 2167 sit
809 2112 887 2167 Deus
905 2113 954 2183 qui
972 2117 1000 2166 et
1009 2111 1099 2180 homo,

192 2201 363 2273 impossibile
380 2208 437 2268 est,
462 2207 494 2254 ut
518 2200 600 2254 ambo
619 2197 724 2252 faciant
745 2197 820 2267 quod
842 2195 902 2251 fieri
920 2213 1032 2252 necesse
1049 2203 1100 2252 est.

192 2287 266 2344 Nam
282 2284 360 2340 Deus
377 2301 433 2338 non
458 2284 543 2341 faciet
567 2284 634 2357 quia
659 2299 715 2337 non
737 2281 865 2347 debebit,
892 2288 920 2336 et
942 2282 1024 2338 homo
1043 2289 1133 2339 non5

192 2371 277 2426 faciet
294 2367 360 2441 quia
386 2386 442 2422 non
464 2371 579 2439 poterit3
605 2375 638 2424 ut
655 2386 722 2440 ergo
739 2368 791 2423 hoc
809 2367 896 2422 faciat
915 2367 992 2423 Deus
1010 2369 1100 2438 homo,

190 2472 305 2512 necesse
322 2459 366 2509 est
383 2454 501 2508 eundem
526 2453 617 2524 ipsum
634 2471 694 2510 esse
714 2453 867 2525 perfectum
884 2453 976 2509 Deum
995 2458 1024 2509 et
1038 2471 1101 2524 pcr-

162 2559 163 2564 ¹
192 2542 297 2598 fectum
315 2538 466 2608 hominem,
491 2539 539 2609 qui
562 2539 634 2593 hanc
657 2539 874 2594 satisfactionem
897 2538 1022 2593 facturus
1044 2545 1100 2610 est,

194 2628 324 2700 quoniam
346 2641 408 2680 eam
433 2623 526 2679 facere
547 2642 604 2679 non
627 2632 720 2695 potest
747 2625 801 2679 nisi
823 2642 904 2680 verus
929 2623 1020 2696 Deus,
1047 2641 1101 2680 nec

194 2713 277 2769 debet
298 2712 352 2766 nisi
372 2726 455 2764 verus
480 2708 570 2763 homo.
605 2709 743 2774 Quoniam
767 2729 833 2782 ergo
856 2717 966 2766 servata
986 2707 1133 2783 integri-6

192 2801 250 2854 tate
269 2799 415 2868 utriusque
440 2801 558 2849 naturae
581 2812 693 2851 necesse
712 2785 754 2852 est
771 2796 888 2852 inveniri
904 2797 996 2854 Deum
1013 2796 1100 2852 homi-

193 2899 269 2951 nem,
293 2902 350 2939 non
372 2881 462 2937 minus
489 2896 602 2936 necesse
626 2887 668 2935 est
691 2881 741 2936 has
760 2881 828 2936 duas
846 2891 959 2939 naturas
978 2884 1099 2953 integras

193 2969 339 3023 convenire
362 2969 392 3022 in
415 2983 501 3022 unam
518 2981 678 3038 personam,
703 2969 935 3038 quemadmodum
952 2983 1052 3036 corpus
1073 2971 1101 3021 et

193 3051 286 3106 anima
322 3052 465 3109 rationalis
506 3051 675 3108 conveniunt
715 3052 744 3108 in
787 3072 873 3110 unum
916 3049 1100 3120 hominem32)

265 3281 290 3344 1)
307 3277 341 3332 In
361 3294 432 3334 omn
452 3279 540 3336 codd.
558 3276 720 3361 hio-incipit
735 3293 761 3332 c.
778 3283 802 3332 7.
907 3342 913 3357 ι

264 3347 290 3414 2)
307 3345 364 3402 cfr.
383 3346 544 3416 Symbolum
559 3349 719 3424 Qamunqae
737 3365 759 3400 s.
769 3345 998 3398 Athamanum
1014 3347 1047 3398 2⁸1
1059 3359 1100 3413 sq.
