2628 3810
381 269 579 350 cennens
593 289 713 350 nouo.
748 295 905 352 nie-ia,
1049 297 1094 366 an

188 465 237 517 ent
255 458 351 514 nullus
368 475 495 531 unquam
515 461 737 533 confirmaretur,
759 471 809 520 eut
834 481 948 522 neeesse
966 471 1025 520 eret
1043 465 1093 522 ali·
1119 493 1123 502 ·

187 553 270 616 quem
296 561 437 611 casurum,
467 547 517 617 qui
543 548 580 602 ad
606 548 675 602 alios
701 547 904 608 confirmandos
932 550 1092 620 punitatem

186 639 260 701 'quae
285 635 404 701 utraque
432 631 556 689 absurde
577 640 651 689 sunt.
692 634 745 690 Illo
770 633 866 705 itaque
891 635 973 692 medo
994 633 1125 690 confir-5

185 715 254 772 mati
273 721 338 770 suni
357 715 398 772 illi
424 719 473 788 qui
498 725 660 789 steterunt„
675 737 730 792 quo
754 719 859 790 pariter
877 719 1030 776 eonfiimati
1050 737 1091 776 ee·

185 805 249 856 aeni
267 818 362 856 omnen
386 801 410 856 ai
432 805 587 867 stetissent3
612 806 847 878 quemadmodum·
862 805 971 861 ostendi
980 805 1000 876 ¹)
1018 805 1092 862 sieut

185 885 273 956 potui,
291 885 482 957 abierantavi,
502 906 552 944 eur
566 888 643 946 Deae
664 891 775 947 diabolo
787 891 1022 962 perseverantiam
1034 907 1089 946 non

185 971 296 1040 dedite)
321 974 388 1027 Bos.
405 973 537 1029 Probasti
554 975 641 1030 melos
660 977 775 1048 angelon
795 977 831 1032 de
849 977 972 1032 humana
989 983 1091 1038 nature
1108 977 1124 1027 6

184 1059 395 1130 restaurand023
419 1065 448 1114 ei
470 1064 549 1130 patet
566 1076 599 1115 ex
617 1060 671 1117 hae
688 1063 809 1132 ratione,
835 1063 902 1134 qnia
919 1081 974 1120 non
992 1063 1022 1118 in
1039 1061 1090 1118 mi·

184 1141 245 1198 nori
261 1161 376 1200 numero
399 1149 481 1200 erunt
501 1145 583 1201 electi
606 1146 729 1204 homines
749 1165 833 1218 quam
852 1154 918 1203 sunt
936 1149 1030 1220 angeli
1048 1166 1090 1206 re·

183 1229 271 1299 probi.
307 1229 363 1286 Sed
380 1236 473 1285 uirum
491 1231 588 1301 plures
609 1231 698 1286 futuri
716 1232 784 1302 sini,
808 1232 832 1286 si
849 1240 942 1304 potes,
966 1234 1089 1290 ostenda

265 1381 328 1468 18.
380 1417 451 1473 Ana.
472 1417 502 1474 Si
516 1417 616 1488 angeli,
636 1423 785 1488 antequam
798 1416 1032 1488 qnidamillorum
1044 1433 1089 1472 ea·
1109 1417 1121 1468 1

183 1498 294 1570 derant,
319 1507 398 1557 erant
422 1500 451 1555 in
476 1501 525 1557 illo
547 1502 671 1572 perfeeto
696 1503 804 1574 dequo
825 1501 944 1555 diximus
965 1517 1089 1571 numero,

182 1599 238 1639 non
257 1592 323 1640 sunt
343 1587 467 1642 homines
487 1587 555 1641 faeti
575 1587 630 1641 nisi
646 1604 697 1658 pro
714 1587 915 1641 restauratione
926 1587 1089 1657 angolorum

181 1671 368 1741 perditorum
391 1681 418 1730 et
443 1673 537 1744 palam
560 1678 616 1742 eat,
641 1672 708 1743 quia
731 1687 787 1725 non
810 1678 892 1727 erunt
913 1673 1008 1743 plures
1025 1670 1088 1724 illia

181 1753 213 1810 Si
232 1763 325 1812 autem
345 1758 394 1815 ille
418 1776 549 1815 numerus
571 1776 627 1814 non
650 1763 711 1814 erat
734 1757 764 1811 in
782 1757 839 1810 illis
857 1755 985 1812 omnibus
1005 1760 1123 1828 ange-2

182 1837 233 1909 lin,
258 1843 452 1913 complendum
479 1851 522 1901 eet
548 1845 584 1901 de
611 1842 769 1899 hominibus
796 1848 824 1898 et
852 1843 927 1914 quod
953 1841 1037 1914 periit
1060 1846 1089 1896 et

184 1925 259 1994 quod
284 1927 360 1998 prins
384 1930 493 1998 deerat,
520 1935 548 1985 ei
572 1935 653 1984 erunt
677 1929 759 1984 electi
782 1929 907 1984 homines
930 1929 1024 2000 plures
1047 1944 1090 1982 re·

182 2010 278 2080 probis
295 2015 416 2084 angelis;
443 2024 472 2070 et
496 2015 535 2069 aie
555 2014 691 2083 dicemus,
718 2014 858 2085 quianon
874 2013 988 2069 inerunt
1003 2011 1089 2068 homi·

182 2111 233 2149 nee
249 2096 317 2151 faeti
332 2105 442 2154 tantum
461 2100 497 2153 ad
515 2101 728 2154 restaurandum
742 2115 888 2154 numerum
904 2097 1087 2164 imminutam

183 2181 347 2236 sedetiam
377 2186 413 2239 ad
440 2184 639 2255 perficiendum
665 2183 788 2237 nondum
813 2181 974 2252 perfeetum.
1018 2184 1121 2236 Boa3

183 2265 258 2330 Quid
281 2267 375 2338 potius
397 2271 548 2325 tenendum
571 2277 624 2338 est,
652 2286 689 2322 en
714 2268 789 2338 quod
815 2268 908 2338 angeli
926 2267 1003 2337 prius
1020 2265 1088 2320 faeti

183 2351 240 2405 sint
257 2352 287 2407 in
303 2371 418 2408 numero
434 2356 573 2426 perfeeto,
599 2371 636 2408 an
655 2352 729 2408 non?
765 2353 836 2406 Ana.
866 2351 947 2416 Quod
963 2350 1031 2404 mihi
1047 2350 1087 2403 vi*

182 2437 264 2493 detur
282 2439 381 2492 dieann
416 2440 485 2493 Boe.
501 2440 565 2496 Non
582 2457 695 2511 poenum
712 2455 728 2492 a
745 2443 774 2494 te
790 2439 855 2508 plus
872 2437 990 2508 exigere.
1017 2437 1121 2491 Ana4

183 2521 213 2578 si
230 2525 312 2580 homo
330 2524 424 2579 faetus
443 2532 485 2578 eat
502 2530 566 2594 poet
584 2542 679 2581 casum
697 2525 832 2579 malorum
845 2524 1015 2594 angelorum,
1034 2521 1085 2575 eic-
1111 2557 1116 2564 ψ

181 2615 214 2663 ui
237 2610 351 2682 quidam
374 2609 534 2680 intelligunt
558 2611 588 2664 in
612 2609 733 2679 Genesi,
758 2626 814 2664 non
835 2608 917 2664 video
939 2623 1021 2678 posse
1042 2621 1087 2660 me

182 2711 233 2766 per
259 2695 312 2750 hoe
341 2695 459 2766 probare
490 2695 608 2750 aiterum
632 2698 731 2751 horum
758 2694 948 2750 determinate.
991 2693 1119 2747 Potenti

183 2779 257 2833 enim
274 2784 317 2847 (ut
335 2782 414 2850 puto)
433 2797 501 2849 esse,
520 2781 595 2851 quod
613 2781 706 2852 angeli
723 2779 915 2850 priusiuerint
928 2779 957 2832 in
973 2792 1086 2832 numero

182 2865 313 2936 peffecto,
332 2875 361 2921 et
376 2873 474 2937 postea
492 2866 585 2920 faetus
605 2867 641 2920 sii
651 2866 733 2921 homo
750 2871 865 2935 propter
874 2863 1086 2920 restaurandum

182 2948 356 3006 imminutum
375 2969 470 3007 eorum
487 2967 648 3013 numeruma
677 2957 705 3005 et
727 2957 820 3021 potest
840 2967 914 3019 enee,
938 2948 1014 3019 quod
1030 2961 1087 3000 non

182 3032 285 3091 fuerint
306 3037 336 3091 in
356 3055 471 3095 numero
496 3038 634 3108 perfeeto,
661 3037 727 3109 quia
752 3035 899 3092 differebat
916 3033 994 3088 Deua
1014 3031 1087 3084 sieut

182 3117 274 3174 adhue
300 3121 408 3193 differt,
433 3123 511 3179 illum
533 3123 649 3194 implere
668 3138 828 3191 numerum,
849 3119 974 3175 factumn
990 3116 1086 3172 huma·

254 3275 278 3340 1)
296 3293 375 3344 quem
394 3278 505 3330 modum
522 3276 546 3330 E
566 3277 626 3332 Fa
662 3315 664 3320 ,

253 3345 279 3413 2)
298 3344 355 3400 Cir.
372 3343 484 3416 Dialog.
503 3347 539 3398 cle
559 3345 635 3400 Oeen
652 3345 774 3414 Diaboli
789 3360 812 3398 e.
831 3347 856 3398 2.
874 3347 898 3398 3.
918 3345 961 3398 24.
