2628 3810
232 283 275 355 20
412 279 627 345 annonam
643 271 951 340 oaunnnmnnnie

232 448 286 508 hoa
312 448 395 505 modo
422 449 531 507 uoluit
553 449 626 508 Nam
642 454 682 506 ‘et
711 450 907 510 inconveuiona
934 451 1139 510 videturesse

232 533 307 603 Deo,
330 534 470 592 hominem
494 535 548 592 hoo
571 536 653 591 modo
674 535 814 603 salvaene3
841 552 893 593 noo
915 541 1047 610 apparat,
1070 537 1139 609 quid

182 618 215 669 23
229 635 305 682 ¹mora
327 619 377 674 illa
401 620 495 676 valeat
516 621 553 680 ad
577 621 742 682 salvandum
764 620 910 678 hominem
945 624 1048 680 Mirum
1065 624 1140 680 enim

150 775 158 784 ·
233 711 290 773 eat,
314 705 338 760 ai
357 705 435 765 Dein
453 706 493 765 eie
518 705 672 762 delectatur
692 713 741 762 ant
765 707 830 778 eget
851 707 988 778 sanguine
1010 709 1139 764 innoeen-

232 791 283 855 tio,
307 797 339 848 ut
356 809 412 850 non
439 791 494 846 nini
517 790 662 848 intendente
688 809 721 868 eo
745 809 860 863 parcere
884 791 953 848 velit
977 798 1027 848 ant
1050 792 1140 863 ponit

182 877 351 938 adamanti.
386 879 454 934 Ana.
489 875 626 940 Quoniam
650 877 755 948 aeoipia
776 879 807 932 in
825 877 880 934 hae
898 877 1060 948 quaestione
1076 895 1138 948 perv

232 979 329 1019 sonam
356 979 463 1031 eonem,
489 961 538 1031 qui
565 960 677 1019 eredere
702 961 772 1018 nihil
796 961 894 1018 volunt
917 962 972 1018 miei
995 979 1138 1034 praemon·

232 1051 321 1103 atrata
337 1046 458 1115 ratione,
483 1046 547 1104 volo
571 1051 663 1103 tecum
681 1047 803 1117 paoieei,=
822 1047 979 1104 utnullum
996 1047 1041 1103 vol
1058 1047 1138 1105 mini·

232 1148 307 1188 mum
325 1131 521 1188 inconveniens
539 1131 569 1188 in
586 1130 647 1186 Deo
670 1149 688 1187 a
710 1132 792 1188 nobie
815 1132 984 1204 eooipiatnr,
1010 1137 1039 1188 et
1061 1133 1140 1192 nulla

181 1222 214 1274 2⁶
232 1216 276 1275 vel
293 1215 407 1274 minima
423 1217 502 1284 ratio,
528 1217 552 1271 ei
571 1219 659 1274 maior
671 1236 728 1273 non
745 1223 893 1289 repugnat,
909 1218 1060 1275 reiioiatun.
1096 1219 1139 1274 Si·

232 1307 280 1356 out
303 1301 375 1360 enim
403 1303 433 1360 in
457 1302 520 1360 Deo
545 1304 750 1374 quantumlibet
771 1321 887 1375 parvum
896 1308 916 1372 ¹)
943 1303 1139 1360 inconveniens

232 1386 357 1458 nequitur
375 1387 598 1459 impossibilium
625 1390 668 1445 ita
689 1390 895 1461 quantumlibet
917 1407 1033 1462 paruam
1056 1389 1138 1443 ratio·

232 1490 310 1541 nem,
346 1474 371 1530 ai
407 1475 506 1532 maiori
539 1493 595 1532 non
629 1474 763 1547 vincitur,
799 1476 946 1532 comitatur
981 1473 1139 1531 nomentan

182 1564 215 1617 26
233 1561 301 1615 Boo.
336 1560 413 1620 Nihil
432 1562 461 1618 in
489 1561 541 1619 hae
563 1577 595 1616 ro
618 1560 751 1618 libentius
777 1563 897 1636 aooipio‚
927 1577 1010 1632 quam
1032 1565 1065 1614 ut
1086 1559 1140 1614 hoe

181 1651 214 1701 27
232 1651 345 1717 paetum
371 1646 445 1704 inter
471 1664 522 1702 noe
546 1647 727 1704 communiter
747 1655 878 1704 servetur.
923 1649 991 1702 Ana.
1027 1645 1075 1700 De
1097 1645 1139 1713 in·

233 1731 392 1790 dannatione
413 1731 474 1800 Dei,
490 1738 600 1786 tantum
629 1738 657 1786 et
680 1733 721 1788 de·
737 1733 781 1787 hia
802 1750 875 1806 quae
899 1733 933 1788 de
948 1732 998 1786 illo
1017 1736 1140 1786 assumto

182 1822 214 1874 28
232 1816 342 1874 homine
362 1816 653 1886 oredimus,.quaoatio
672 1823 720 1874 eet
755 1821 824 1874 Boo.
848 1818 894 1875 Ita
911 1823 961 1873 eet.
995 1817 1066 1870 Ana.
1086 1815 1140 1870 Poe

231 1917 330 1960 namus
349 1918 416 1976 argo
434 1904 489 1960 Dei
511 1902 731 1960 incarnationem
752 1907 781 1958 et
803 1920 877 1974 qnae
902 1902 938 1958 de
955 1901 1004 1956 illo
1022 1901 1139 1956 dioimna

231 1987 354 2056 homino,
382 2003 535 2060 numquam
561 1987 677 2057 suinae
693 1995 721 2044 et
738 1995 847 2046 oomtet
873 1989 946 2046 inter
973 2003 1023 2044 noe
1053 1987 1139 2043 homi*

156 2110 158 2118 ,
232 2089 296 2130 nem
315 2090 374 2129 esse
390 2073 496 2132 faotnm
514 2075 551 2129 ad
569 2073 785 2143 beatitudinem,
806 2072 925 2149 quaein
947 2072 1000 2128 hae
1016 2073 1075 2129 uita
1090 2072 1139 2128 ha·

231 2157 294 2216 beri
316 2176 372 2216 non
400 2166 506 2230 potent,
532 2177 585 2218 neo
609 2161 645 2218 ad
670 2158 747 2214 illam
772 2173 854 2229 poene
876 2157 1020 2227 pervenire
1043 2172 1138 2228 quamv

232 2259 316 2316 qnam
340 2244 395 2300 nisi
419 2244 539 2300 dimissio
562 2245 700 2315 pennatis,
724 2241 885 2300 noeullum
905 2242 1044 2300 hominem
1066 2241 1139 2298 hano

232 2329 318 2388 vitam
335 2331 455 2389 mannire
473 2331 532 2386 eine
550 2336 678 2401 pomam,
703 2333 731 2383 et
748 2327 804 2384 alia
820 2344 938 2399 quornm
954 2327 1024 2384 fidae
1042 2328 1081 2382 ad
1096 2342 1139 2380 ea·

182 2415 320 2475 aetutem
351 2422 491 2475 aeternam
517 2414 674 2471 neoeeearia
704 2419 753 2468 aet
802 2414 872 2470 Boo.
906 2413 953 2472 Ra
976 2413 1040 2484 fiat3
1072 2412 1140 2484 qnia

232 2500 354 2568 nihilin
379 2500 423 2556 his
448 2499 644 2558 inconveniens
671 2504 720 2554 aui
744 2498 916 2570 impossibile
936 2499 998 2555 Deo
1020 2498 1139 2553 videtne.

232 2588 301 2640 Ana.
330 2585 495 2644 Necessaria
516 2590 559 2639 eat
581 2584 669 2655 igitur
686 2582 791 2640 homini
808 2590 986 2655 peooatorum
1002 2581 1138 2649 tremissia

232 2677 265 2726 ut
296 2671 332 2725 ad
363 2669 564 2728 beatitudinem
594 2668 746 2740 pomanini.
792 2670 862 2726 Boo.
898 2668 944 2724 Sia
973 2681 1067 2722 omnes
1098 2669 1138 2722 iae

231 2772 337 2813 nemun

201 3023 214 3076 1
312 2977 382 3062 11·
427 3009 496 3064 Ana.
532 3009 726 3075 Quaerendum
755 3015 796 3064 eat
823 3007 922 3079 igitur,
950 3021 1006 3077 qna
1031 3004 1137 3062 ratione

232 3095 310 3154 Deua
333 3093 455 3152 dimittat
475 3101 591 3166 peecata
611 3093 792 3150 hominibus?
819 3099 848 3150 et
870 3097 903 3147 ut
927 3091 980 3148 hoo
1002 3091 1137 3148 mennam

240 3365 245 3376 ’
304 3348 329 3419 1)
349 3349 499 3418 qaaemlitot
511 3366 631 3420 parvum
649 3346 754 3403 Aabo
771 3345 795 3399 B
813 3343 840 3398 Ε
854 3345 913 3403 da.
