2628 3810
319 1017 360 1134 S.
389 1015 626 1133 'ANSELMI
670 1011 1100 1134 CANTUARIENSiss.

485 1287 637 1362 LIBER
671 1285 922 1360 SECUNDUS

397 1505 533 1572 OUR
578 1503 769 1570 DEUS
816 1503 1020 1572 HOMO.

607 1745 817 1756 —u———n

222 1917 234 1966 1
335 1880 373 1966 1·
424 1910 581 1966 Aeschinus.
605 1910 782 1966 Rationalem
799 1915 927 1964 naturam
944 1925 962 1964 s
979 1909 1040 1966 Deo
1059 1911 1163 1965 fastam

254 1997 454 2066 sassinatem,
479 1999 512 2049 ut
536 1994 585 2050 illo
608 1995 727 2052 fruendo
751 1996 837 2051 beata
853 1999 938 2065 esset,
967 1995 1089 2052 dubitari
1107 2015 1163 2052 non

254 2083 345 2138 debet.
379 2080 449 2136 Ideo
474 2096 595 2152 namque
620 2081 764 2134 rationalis
790 2086 848 2149 est,
874 2085 907 2134 ut
933 2080 1072 2142 discernat
1091 2083 1164 2137 inter

253 2169 358 2223 iustum
376 2171 405 2221 et
420 2164 568 2236 iniustum,
592 2166 664 2222 inter
681 2167 785 2224 bonum
802 2171 831 2220 et
848 2165 965 2237 malum,
985 2167 1057 2223 inter
1074 2168 1163 2224 maius

253 2254 359 2310 bonum
382 2257 411 2308 et
432 2251 524 2306 minus
549 2253 668 2320 bonum3
698 2253 822 2324 alioquin
853 2253 957 2309 frustra
983 2253 1062 2309 fasta
1090 2257 1164 2309 esset

219 2338 404 2394 2rstionalis.
440 2336 495 2392 Sed
512 2337 589 2391 Deus
611 2353 667 2390 non
689 2337 758 2391 fecit
780 2355 841 2394 eam
863 2340 1027 2394 rationalem
1052 2339 1163 2392 frustra

254 2425 348 2490 Quare
370 2423 406 2477 ad
429 2422 482 2476 hoe
501 2438 563 2476 sam
585 2421 690 2476 fastam
714 2440 775 2478 essa
795 2424 959 2482 rationalem
977 2425 1093 2479 dubium
1107 2439 1164 2477 non

254 2516 304 2565 est.
340 2507 428 2564 Simili
455 2506 562 2562 ratione
584 2507 736 2578 probatur,
765 2511 831 2582 quia
858 2512 895 2566 sd
920 2511 973 2566 hoe
990 2507 1099 2578 accepit
1115 2525 1164 2578 po·

253 2599 382 2648 testatem
415 2591 590 2648 discernendi
616 2598 649 2648 ut
678 2594 784 2650 odisset
811 2603 839 2651 et
871 2597 973 2652 vitaret
999 2593 1102 2647 malum
1130 2607 1164 2646 aa

254 2687 360 2732 amaret
390 2683 418 2733 st
450 2676 567 2749 eligeret
588 2677 707 2748 bonum,
735 2687 820 2754 atque
841 2681 931 2736 maius
953 2681 1056 2735 bonum
1073 2677 1164 2749 magis

220 2763 236 2814 3
255 2762 384 2834 diligeret
412 2767 441 2817 et
466 2763 589 2836 eligeret
635 2764 728 2821 Aliter
752 2783 873 2840 namque
895 2765 999 2820 frustra
1022 2761 1064 2816 illi
1082 2761 1161 2818 Deus

255 2849 376 2904 dedisset
403 2853 571 2919 potestatem
597 2849 675 2904 illam
701 2850 889 2918 discernendi,
917 2847 983 2919 qnia
1008 2847 1037 2902 in
1061 2865 1164 2902 vanum

255 2936 438 3004 discerneret,
469 2935 493 2990 si
523 2936 677 2991 seeundum
704 2936 897 2992 discretionem
924 2950 980 2988 non
1005 2939 1110 2987 amaret
1136 2936 1164 2986 et

253 3022 361 3078 vitaret.
397 3019 453 3076 Sed
479 3037 536 3075 non
562 3023 704 3089 convenit,
729 3027 762 3075 ut
778 3021 856 3074 Deus
873 3024 980 3073 tantem
997 3025 1163 3089 potestatem

220 3107 357 3162 sinistre
376 3107 492 3162 dederit.
526 3107 574 3161 Ad
596 3108 649 3162 hoe
670 3107 766 3177 itaque
790 3105 893 3160 factam
918 3121 977 3160 esse
999 3103 1164 3160 rationalem

253 3199 382 3248 naturam
408 3197 514 3248 eertum
539 3197 595 3262 est,
620 3199 812 3246 utrumnum
835 3187 940 3245 bonum
964 3207 1047 3260 super
1071 3187 1164 3244 omnis

252 3286 359 3334 amaret
395 3285 423 3335 et
457 3279 585 3351 eligeret,
618 3296 675 3333 non
710 3281 825 3346 propter
859 3275 937 3330 aliud
970 3275 1020 3331 sed
1050 3277 1164 3344 propter

251 3362 357 3433 ipsum;
386 3362 410 3416 si
441 3364 515 3419 enim
542 3367 655 3437 propter
682 3359 772 3427 aliud,
804 3377 861 3415 non
891 3359 982 3432 ipsum
1007 3360 1057 3414 sed
1086 3356 1163 3414 aliud
