2628 3810
373 289 452 348 GUR
470 287 572 346 DEUS
588 283 707 344 HOMO.
741 283 780 340 11.
800 287 876 340 3-t.
1043 278 1086 346 55

177 466 293 534 propter
309 477 341 522 se
357 459 450 516 tacere
468 475 552 530 quam
568 462 682 528 propter
699 453 769 512 nos?
804 454 845 509 At
854 452 878 508 si
888 452 929 508 ita
939 453 990 520 est,
1002 463 1086 520 quam

177 547 298 622 gradum
325 545 368 602 illi
396 545 531 600 debemus
562 560 613 614 pro
642 559 675 598 co
702 541 778 612 quod
803 537 872 594 facit
894 539 1008 607 propter
1035 531 1086 588 se?

177 631 323 700 Quomodo
357 631 440 688 etiam
477 635 600 688 nostram
634 625 834 699 imputabimus
872 619 990 678 salutem
1027 617 1086 673 eius

176 716 298 790 matius,
321 717 414 772 sinos
432 715 523 772 salvat
539 710 723 772 necessitate?
758 710 830 764 Aac.
865 708 918 764 Est
934 703 1120 764 necessitas3

177 819 251 875 quae
269 801 454 860 benefacienti
477 801 597 872 gratiam
622 797 714 854 aufert
729 801 779 852 aut
795 793 908 863 minuit,
934 797 963 848 ct
981 795 1023 846 est
1039 805 1087 844 ne

178 887 295 948 cessitas
316 903 372 958 qua
394 888 482 943 maior
501 885 636 943 beneficio
657 881 749 956 gratia
769 880 893 937 debetun
921 875 992 932 Oum
1012 873 1085 930 enim

178 971 280 1044 aliquis
311 989 346 1028 ea
371 973 536 1030 necessitato
563 971 609 1026 cui
638 969 766 1025 subisset
792 965 909 1033 invitus,
936 959 1084 1028 benefacit,

178 1063 228 1114 aut
244 1059 323 1114 nulla
345 1064 397 1114 aut
412 1059 503 1114 minor
518 1057 568 1112 illa
584 1055 676 1128 gratia
693 1053 817 1109 debetur.
853 1050 925 1106 Cum
941 1063 1006 1104 vero
1025 1046 1087 1116 ipse
1102 1043 1120 1095 4

177 1159 209 1198 se
226 1146 326 1213 sponte
346 1142 506 1200 necessitati
522 1139 716 1197 benefaciendi
733 1137 829 1194 subdit
845 1153 898 1192 nec
909 1133 1012 1190 invitm
1023 1147 1086 1186 eam

178 1227 305 1296 sustinet,
324 1233 391 1282 tunc
408 1229 505 1299 utique
522 1224 651 1282 beneficii
668 1223 788 1296 gratiam
805 1226 926 1278 meretur
945 1218 1085 1275 maiorem.

178 1313 242 1372 Non
258 1313 333 1370 enim
352 1313 422 1368 haec
440 1317 482 1366 est
503 1309 622 1365 dicenda
645 1308 797 1365 necessitas
821 1306 871 1362 sed
894 1306 997 1380 gratia,
1020 1301 1087 1375 quia
1133 1324 1158 1379 ἡ
1184 1345 1195 1378 s

178 1399 256 1456 nullo
273 1405 392 1470 cogente
409 1396 487 1450 illam
504 1395 629 1465 suscepit
645 1401 694 1450 aut
710 1399 803 1448 servat
822 1392 873 1448 scd
890 1392 987 1466 gratis.
1013 1389 1116 1450 Nam5

178 1485 295 1558 siquod
312 1483 395 1540 hodie
417 1486 515 1552 sponte
540 1479 678 1552 promittis
699 1485 727 1534 te
747 1495 808 1533 cras
824 1478 965 1545 daturum,
990 1475 1088 1530 eadem

178 1585 239 1626 cras
256 1570 400 1626 voluntate
417 1567 483 1636 das3
507 1565 634 1637 quamvis
655 1579 770 1620 necesse
791 1563 827 1632 sit
844 1568 873 1618 te
889 1579 950 1618 cras
971 1561 1089 1617 reddere

178 1656 345 1724 promissum
364 1655 389 1709 si
407 1657 500 1724 potes,
526 1654 575 1706 aut
593 1650 717 1720 mentiri,
741 1667 797 1704 non
813 1653 908 1706 tamen
924 1648 1015 1704 minus
1034 1645 1089 1702 tibi

180 1739 263 1794 debet
281 1739 330 1795 ille
349 1757 401 1810 pro
419 1738 544 1810 impenso
568 1735 703 1792 beneficio
728 1735 774 1790 cui
798 1735 863 1802 dus,
888 1752 972 1807 quam
990 1734 1014 1789 si
1032 1750 1089 1788 non

179 1822 359 1892 promisisses,
385 1823 516 1894 quoniam
538 1825 567 1878 te
589 1821 742 1878 debitorem
759 1827 825 1876 ante
841 1828 951 1893 tempus
970 1820 1090 1876 dationis

180 1905 222 1960 illi
237 1906 331 1962 facere
350 1926 406 1964 non
429 1926 459 1965 es
484 1913 606 1965 coactus.
641 1907 712 1965 Tale
734 1914 789 1977 est,
816 1925 879 1964 oum
895 1905 959 1978 quis
975 1907 1121 1962 sanctaeb

181 1993 396 2050 conversationis
418 2002 517 2068 sponte
541 1998 625 2049 vovet
647 1993 827 2064 propositum
862 1992 995 2058 Quamvis
1012 2008 1089 2048 nam-

182 2093 237 2149 que
253 2093 363 2132 servare
380 2080 451 2136 illud
471 2097 504 2136 ex
525 2077 693 2136 necessitate
712 2085 777 2149 post
799 2083 895 2134 votum
916 2078 1032 2148 debeat,
1054 2093 1090 2132 ne

182 2168 327 2234 apostatae
345 2162 551 2222 damnationem
570 2165 701 2232 incurrat7
720 2167 749 2218 et
763 2163 830 2218 licet
846 2163 909 2235 cogi
926 2163 1016 2234 possit
1035 2179 1091 2218 ser-

103 2265 106 2272 ·
180 2264 247 2304 vare
270 2247 294 2300 si
319 2247 403 2319 nolit,
429 2251 453 2304 si
475 2255 570 2306 tamen
595 2264 652 2302 non
676 2247 779 2305 invitus
804 2255 896 2302 servat
913 2248 988 2319 quod
1004 2248 1091 2317 vovit,

180 2349 237 2412 non
255 2332 347 2386 minus
363 2333 413 2388 sed
435 2335 525 2406 magis
548 2340 646 2406 gratiss
665 2339 712 2401 est¹
726 2333 802 2403 Deo,
828 2349 911 2403 quam
929 2331 953 2386 si
971 2349 1027 2388 non
1043 2350 1090 2387 ro-

180 2418 277 2487 aisset3
301 2418 433 2490 quoniam
453 2435 510 2473 non
533 2420 623 2474 solum
640 2435 813 2477 communem
829 2417 917 2474 vitam
937 2418 1090 2474 sedetiam

181 2503 241 2560 eius
257 2501 400 2560 licentiam
418 2503 472 2560 sibi
490 2511 604 2574 propter
618 2505 713 2561 Deum
736 2503 903 2576 abnegavit3
924 2520 976 2558 nec
995 2509 1091 2560 sancte

181 2594 274 2646 vivere
292 2588 425 2644 dicendus
442 2593 485 2644 est
501 2589 678 2660 necessitate,
705 2588 755 2644 sed
772 2587 870 2642 eadem
887 2605 945 2662 qua
963 2589 1040 2645 vovit
1056 2588 1090 2643 li·

180 2674 297 2733 bertate.
328 2673 421 2738 Quare
436 2673 525 2730 multo
544 2673 633 2746 magis
652 2673 676 2729 si
691 2674 771 2730 Deus
788 2673 857 2728 facit
871 2674 1090 2730 bouumhomini
1107 2677 1122 2728 'i

182 2760 257 2830 quod
282 2759 402 2830 incepit,
430 2758 497 2814 licet
526 2757 582 2814 nou
608 2759 707 2814 deceat
732 2775 796 2813 cum
819 2774 837 2812 a
858 2758 933 2814 bono
960 2757 1089 2830 incoepto

183 2844 316 2916 deficere,
344 2851 434 2900 totum
462 2842 571 2916 gratim
600 2843 732 2899 debemus
762 2842 913 2915 imputare,
945 2843 1012 2915 quia
1037 2843 1090 2898 hoo

182 2935 296 3001 propter
333 2948 383 2986 nos
419 2945 475 2984 non
507 2933 621 3001 propter
656 2945 686 2984 se
717 2927 822 2985 uirilius
856 2947 941 3004 egeus
975 2929 1123 3000 incepitss

181 3014 246 3072 Non
283 3015 357 3069 enim
399 3015 479 3070 illum
512 3014 609 3084 latuit,
651 3011 719 3085 quid
752 3013 834 3072 homo
869 3015 995 3070 fasanus
1031 3021 1092 3070 erat

182 3115 247 3154 cum
279 3099 359 3155 illurn
391 3100 473 3170 fecit,
509 3105 539 3156 ct
566 3105 660 3156 tamen
690 3097 816 3155 bonitate
843 3117 895 3157 sua
923 3099 1003 3154 illurn
1034 3117 1091 3156 orc-

182 3185 257 3240 ando
274 3191 373 3254 sponte
394 3204 438 3256 se,
459 3192 492 3242 ut
515 3185 660 3258 perficeret
682 3183 840 3258 incoeptum
865 3185 983 3256 bonum,
1010 3187 1091 3258 quasi

182 3269 325 3342 obligavit
389 3270 519 3344 Denique
564 3272 643 3328 Deus
689 3269 761 3326 nihil
807 3269 876 3328 facit
916 3273 1127 3346 necessitates

182 3353 249 3428 quia
288 3354 366 3410 nullo
406 3357 488 3416 modo
530 3357 639 3430 cogitur
681 3362 732 3414 aut
777 3356 941 3430 prohibetur
984 3357 1091 3431 aliquid
