2628 3810
377 280 456 340 OUR
473 279 574 338 DEUS
593 277 710 338 HOMO.
745 283 769 338 1.
788 283 879 338 4-es
1053 281 1073 346 i

170 453 248 508 illam
265 451 439 524 dignitatem,
459 467 542 522 quam
559 449 706 506 habiturus
726 455 793 521 erat,
812 451 904 506 sinon
915 454 1076 522 peccassem

170 537 324 610 cumipse,
348 536 397 608 qui
421 555 477 592 non
503 536 557 590 nisi
574 536 629 591 Dei
653 551 747 591 servus
767 541 796 592 et
822 536 945 608 aequalis
966 533 1074 608 angelis

169 623 250 679 bonis
276 640 327 693 per
353 622 446 677 omnia
469 621 578 676 iuturus
605 628 678 690 erat,
705 639 800 677 semus
824 629 897 678 esset
924 621 998 690 cius,
1026 621 1075 692 qui

169 709 249 764 Deus
267 722 323 762 non
343 713 423 776 esset,
440 713 470 763 et
487 707 566 762 cuius
586 706 679 779 angeli
698 707 771 761 servi
789 724 846 762 non
863 710 961 762 esent

249 842 290 929 d.
341 879 410 932 Bos.
445 877 508 934 Hoc
524 884 582 947 est,
600 877 674 950 quod
692 877 773 933 valde
791 876 939 943 mirantur,
957 874 1023 946 quia
1041 872 1075 927 li·
1095 879 1106 930 l

171 961 341 1018 horationem
357 962 430 1020 hauc
446 963 644 1019 redemtionem
660 979 798 1018 vocamus.
830 964 865 1018 In
877 977 934 1034 qna
945 973 1073 1030 namque,

172 1047 251 1102 aiunt
271 1047 364 1117 nobis,
389 1049 518 1120 captione
543 1054 592 1102 aut
615 1048 646 1102 in
669 1064 724 1120 quo
748 1053 858 1103 oarceie
882 1046 977 1102 autin
996 1043 1075 1102 cuius

172 1137 308 1203 potestate
323 1133 500 1203 tenebamini,
518 1133 593 1188 unde
612 1149 661 1188 vos
680 1133 758 1188 Deus
775 1149 831 1188 non
843 1132 936 1203 potuit
946 1131 1074 1198 tiberne,

172 1217 225 1272 nisi
241 1235 290 1274 vos
308 1224 351 1274 tot
368 1219 511 1274 laboribus
534 1218 614 1275 etad
633 1219 762 1273 ultimum
781 1231 831 1272 suo
849 1216 985 1288 sanguine
999 1211 1074 1270 'redi-

171 1303 281 1360 merct?
316 1303 423 1369 Quibus
452 1319 516 1358 cum
541 1303 675 1358 dicimus:
705 1303 822 1358 redemit
847 1321 897 1358 nos
915 1317 933 1356 a
951 1299 1109 1372 peccatis2

86 1455 94 1472 ·
172 1395 200 1445 et
215 1389 252 1445 ab
269 1390 312 1445 ira
329 1407 381 1445 sua
392 1395 419 1444 et
432 1388 470 1444 dev
481 1388 590 1444 inferno
599 1395 630 1444 et
645 1389 679 1444 de
690 1393 828 1458 potestate
846 1387 960 1456 diaboli,
981 1401 1073 1456 quem,

172 1475 238 1547 quia
256 1491 307 1530 nos
324 1491 381 1530 non
399 1479 567 1546 poteramus,
585 1474 646 1544 ipse
662 1489 712 1544 pro
728 1471 808 1526 nobis
819 1473 1075 1541 venitexpugnara

172 1567 200 1616 ct
217 1560 335 1617 redemit
353 1557 434 1614 nobis
451 1575 569 1630 regnum
592 1559 745 1627 coelorum3
769 1564 797 1612 ct
814 1557 881 1628 quia
897 1555 967 1610 haec
984 1555 1077 1609 omnia

171 1647 225 1702 hoc
246 1647 329 1701 modo
347 1644 423 1714 fecit,
444 1644 566 1700 ostendit
582 1649 718 1715 quantum
733 1658 784 1698 nos
803 1643 944 1714 diligerem
964 1655 1076 1710 respou-

173 1733 251 1789 dent:
278 1733 308 1789 Si
326 1731 428 1799 dicitis,
452 1730 518 1802 quia
534 1729 612 1786 Deus
634 1728 705 1784 haec
728 1729 822 1784 omnia
846 1727 939 1783 facere
953 1743 1010 1781 uon
1026 1728 1109 1795 po=3

171 1817 226 1872 tuit
244 1817 302 1872 solo
319 1817 406 1884 iussu,
425 1830 509 1885 quem
525 1820 628 1869 cuncta
648 1813 772 1869 iubendo
786 1831 894 1870 creasse
914 1811 1013 1880 dicitis,
1033 1827 1075 1866 re·

172 1901 304 1972 pugnatis
331 1898 550 1969 vobismetipsis,
576 1899 643 1971 quia
669 1900 849 1970 impotentem
873 1899 953 1954 illum
975 1895 1075 1952 facitis.

172 1986 232 2040 Aut
254 1986 278 2039 si
302 1983 441 2052 fatemini,
471 1984 537 2055 quia
562 1985 665 2055 potuit,
692 1986 741 2039 sed
764 2003 821 2040 non
844 1985 933 2039 voluit
948 1983 1002 2038 nisi
1022 1983 1109 2040 hoc4

173 2071 269 2124 modot
305 2069 441 2140 quomodo
480 2069 633 2140 sapientem
665 2069 744 2125 illum
780 2069 924 2125 ostendere
951 2067 1075 2140 potestis,

174 2173 257 2227 quem
274 2156 333 2209 sine
348 2155 407 2218 ulla
429 2155 535 2210 ratione
558 2159 615 2208 tam
638 2153 795 2210 indecentia
813 2155 885 2210 vel-le
902 2153 961 2224 pati
979 2152 1076 2208 asseri
1196 2213 1198 2216 ,

172 2231 240 2298 tis‘t
265 2239 364 2296 Omnia
386 2240 459 2294 enim
484 2239 553 2296 haec
576 2255 648 2311 quae
674 2239 825 2295 obtenditis
846 2239 876 2293 in
899 2238 958 2293 eius
980 2237 1109 2296 volun-5
1132 2289 1156 2324 A,
1300 2227 1301 2258 i

173 2332 231 2382 tate
254 2323 423 2386 consistunt3
450 2324 492 2378 ira
519 2341 640 2395 namque
661 2324 715 2379 Dei
744 2341 800 2379 non
823 2330 866 2380 est
892 2323 968 2376 aliud
993 2337 1077 2394 quam
1134 2343 1163 2374 .,··

172 2411 300 2468 voluntas
331 2407 473 2480 puniendi.
515 2409 545 2466 si
576 2427 642 2482 ergo
668 2429 724 2466 non
752 2410 813 2464 vult
840 2409 938 2479 punire
960 2414 1111 2479 peccatat
1138 2397 1142 2413 ⁸

172 2495 324 2564 bominum,
348 2492 419 2548 liber
435 2493 574 2550 esthemo
592 2513 609 2550 a
628 2494 750 2567 peccatis
767 2499 796 2550 et
812 2494 847 2552 ab
866 2493 908 2548 ira
925 2493 980 2548 Dei
998 2499 1026 2548 et
1041 2492 1077 2548 ab

173 2581 281 2637 inferno
299 2585 328 2636 et
345 2595 363 2634 a
380 2582 518 2649 potestate
540 2579 659 2650 diaboli,
685 2597 757 2652 quse
774 2580 866 2634 omnia
884 2586 996 2650 propter
1014 2596 1078 2650 pec·
1151 2619 1155 2626 ,

174 2673 237 2722 cata
258 2666 376 2738 patitur3
402 2667 431 2719 et
454 2663 554 2734 recipit
577 2680 623 2734 ea,
647 2665 749 2736 quibus
771 2670 884 2734 propter
900 2665 997 2720 eadem
1013 2681 1078 2736 pec·

175 2758 238 2807 cata
254 2751 387 2822 privatur.
423 2749 496 2806 Nam
514 2748 544 2802 in
567 2748 646 2805 cuius
670 2754 808 2820 potestate
830 2753 872 2804 cst
888 2749 1011 2806 infernus
1029 2752 1110 2805 anti

174 2835 322 2892 diabolus?
347 2841 397 2892 aut
415 2835 494 2889 cuius
513 2841 555 2890 est
572 2845 689 2908 regnum
705 2834 843 2890 coelorum
861 2835 914 2890 nisi
933 2836 1007 2905 eius,
1029 2825 1078 2906 qni

174 2919 242 2976 fecit
266 2922 378 2977 omnia?
413 2920 602 2992 Quaecunque
628 2919 722 2992 itaque
745 2919 850 2975 timetis
870 2927 919 2975 aut
938 2920 1078 2976 desidora-

174 3003 219 3073 tis,
246 3005 305 3059 eius
324 3005 462 3061 voluntati
488 3006 647 3075 subiacent,
671 3006 717 3060 cui
741 3005 809 3060 nibil
831 3007 957 3062 resistere
979 3009 1077 3074 potest

175 3088 349 3160 Quapropter
373 3089 397 3144 si
420 3090 573 3146 humanum
588 3106 676 3163 genus
694 3091 801 3146 salvare
820 3091 923 3158 noluit,
947 3089 1002 3144 nisi
1022 3103 1077 3161 quo
1096 3093 1113 3144 8

176 3173 269 3228 dicitis
295 3175 420 3244 modost)
448 3193 512 3232 cum
539 3177 599 3232 sola
624 3177 767 3247 voluntate
795 3175 899 3248 potuit:
927 3181 960 3229 ut
984 3173 1079 3230 mitius

245 3331 271 3394 1)
291 3329 349 3381 nisi
365 3333 502 3398 quomodo
516 3331 614 3384 dicim
631 3329 736 3384 Aaou
756 3327 778 3383 G
795 3327 832 3382 D.
927 3332 936 3354 ⁰
