2628 3810
228 269 271 336 26
405 267 432 324 S.
451 267 623 326 ANSELMI
638 267 947 330 CANTUARIENSIS

226 436 325 493 honori
336 440 356 502 ¹)
386 437 484 508 nequit
513 438 634 510 aliquid,
669 445 804 510 qnantum
834 442 871 495 sd
900 441 979 497 illum
1005 443 1135 515 pertinet,

228 523 296 581 addi
314 526 359 581 vel
384 524 479 579 minui.
515 524 595 580 Idem
620 541 740 596 namque
763 525 823 596 ipse
849 527 903 582 sibi
925 527 1012 583 honor
1035 534 1077 586 est
1094 528 1144 584 in·¹

229 609 416 682 corruptibilia
443 616 471 664 et
487 611 564 665 nullo
590 610 673 664 modo
696 609 847 664 mutabilis.
894 612 999 668 Verum
1022 614 1135 685 quando

231 711 416 768 unaquaeque
435 700 562 752 creseus
581 711 662 748 suum
685 700 713 748 et
731 695 810 765 quasi
826 695 881 750 sibi
896 705 1076 770 praeseptum
1094 711 1137 762 or÷

230 782 323 841 dinem
349 781 407 838 sius
434 779 599 836 naturaliter
625 779 684 833 sive
710 779 911 835 rationabiliter
938 790 1045 854 servat,
1075 785 1136 842 Deo

231 866 345 922 obedire
372 871 400 920 et
429 882 493 921 eum
519 863 621 918 dicitur
646 864 798 934 honorare3
827 871 856 920 et
879 865 932 921 hoo
955 870 1072 925 maxime
1093 886 1136 925 ra·

229 952 340 1007 tionalis
362 957 477 1016 natura,
506 949 552 1004 oui
575 949 672 1005 datum
697 955 739 1004 est
761 949 917 1022 intelligere
941 953 1010 1022 quid
1028 954 1137 1009 debeat

196 1036 310 1100 tQuae
334 1051 398 1089 oum
423 1033 483 1102 uolt
508 1034 584 1105 quod
607 1034 704 1105 debet,
730 1036 821 1091 Deum
839 1037 968 1106 honorat3
996 1055 1052 1093 non
1070 1039 1138 1110 quia

229 1122 272 1178 illi
290 1120 397 1191 aliquid
415 1113 535 1188 &niem
560 1119 610 1174 sed
628 1120 694 1191 quia
712 1127 811 1191 sponte
828 1141 858 1178 se
877 1121 937 1177 eius
952 1122 1090 1178 voluntati
1107 1129 1136 1180 et

229 1205 405 1277 dispositioni
423 1192 531 1261 'subdit
565 1211 593 1260 et
622 1206 655 1260 in
681 1223 774 1262 rerum
804 1207 984 1263 universitate
1011 1208 1137 1264 ordinem

229 1308 310 1346 suum
326 1297 354 1346 et
373 1290 496 1346 eiusdem
519 1291 709 1347 universitatis
726 1293 973 1364 pulchritudinem,
1001 1298 1138 1363 quantum

195 1377 259 1432 lin
285 1378 348 1448 ipsa
375 1382 431 1447 est,
459 1383 558 1432 servet
594 1378 665 1432 Cum
691 1396 757 1434 vero
785 1397 841 1436 non
864 1379 925 1433 rult
949 1377 1024 1449 quod
1045 1377 1136 1448 debet,

228 1462 329 1532 Deum,
358 1467 493 1533 quantum
510 1463 547 1516 ad
571 1461 661 1533 ipsam
670 1467 692 1532 ²)
720 1465 855 1535 pertinet,
883 1462 1041 1531 inhonorat,
1068 1479 1137 1533 quo·

227 1549 302 1604 niam
324 1566 380 1604 non
401 1548 497 1604 subdit
522 1565 553 1603 se
576 1556 675 1619 sponte
704 1549 779 1605 illius
806 1547 995 1620 dispositioni;
1022 1555 1051 1602 ot
1076 1548 1137 1602 uni·

227 1635 367 1692 versitatis
386 1634 510 1691 ordinem
531 1640 560 1690 et
576 1635 820 1706 pulchritudinem,
833 1642 967 1708 quantum
986 1633 1016 1687 in
1034 1650 1065 1690 se
1084 1640 1135 1704 est,

227 1721 387 1791 perturbat,
409 1720 475 1774 lieet
496 1723 663 1788 potestatem
687 1728 737 1776 aut
758 1721 923 1792 dignitatem
940 1717 994 1772 Dei
1018 1719 1135 1775 nullate·
1163 1718 1166 1726 ’

194 1804 282 1862 inus
306 1806 401 1860 laedet
424 1810 474 1858 eut
499 1803 645 1859 decoloret.
681 1804 712 1860 Si
736 1804 810 1860 enim
830 1820 864 1860 ea
887 1821 959 1875 quae
986 1805 1057 1860 ooeli
1079 1823 1138 1862 am·

226 1891 288 1946 bitu
308 1889 493 1956 eontinentur,
510 1888 615 1943 vellent
632 1905 689 1944 non
706 1905 766 1944 esse
784 1889 836 1944 sub
856 1889 933 1944 ooelo
943 1895 993 1943 aut
1010 1889 1135 1962 elongari

226 1975 351 2045 acoelo,
373 1974 531 2028 nullatenus
549 1980 664 2044 possent
681 1973 736 2028 nisi
753 1973 804 2028 sub
824 1973 903 2028 coelo
922 1990 997 2044 esse,
1022 1992 1074 2030 neo
1091 1977 1135 2032 iu·

194 2057 293 2132 egere
311 2059 418 2114 eoelum
446 2058 499 2112 nisi
522 2059 773 2131 appropinquando
799 2058 885 2114 coelo.
920 2057 994 2115 Nam
1015 2066 1043 2116 et
1059 2062 1135 2116 unde

228 2151 257 2202 et
274 2160 329 2216 quo
348 2151 377 2200 et
395 2159 450 2214 qua
468 2143 555 2215 irent,
576 2145 627 2200 sub
644 2144 722 2201 coelo
741 2149 849 2212 essent3
867 2149 896 2199 et
915 2151 1019 2215 quanto
1043 2147 1133 2218 magis

227 2247 246 2286 a
281 2230 406 2302 qualibet
440 2235 520 2301 parte
563 2230 632 2285 ooeli
674 2231 885 2300 elongarentur,
927 2235 1018 2287 tauto·
1042 2231 1132 2303 magis

194 2323 209 2372 7
228 2317 373 2387 oppositae
392 2316 466 2387 parti
483 2314 747 2386 appropinquarent
783 2314 829 2369 Ite
845 2316 972 2386 quamvis
989 2317 1071 2372 homo
1089 2316 1135 2372 vel

226 2402 316 2455 malm
344 2401 461 2472 angelus
494 2399 605 2455 divinae
634 2399 773 2456 voluntati
800 2406 827 2457 et
850 2401 1018 2457 ordinationi
1043 2402 1135 2457 subia-

227 2502 290 2542 oere
312 2486 396 2554 nolit,
420 2501 477 2540 non
499 2491 593 2540 tamen
616 2502 678 2540 eam
700 2485 798 2560 fugere
824 2487 913 2555 valet3
941 2485 1007 2557 quia
1032 2486 1057 2539 si
1074 2486 1136 2540 vult

226 2567 324 2640 fugere
342 2569 446 2626 desub
464 2570 607 2626 voluntate
631 2571 757 2638 iubente,
787 2573 874 2628 currit
892 2572 944 2629 sub
961 2568 1135 2625 voluntatem

194 2653 395 2726 apunientsm.
430 2654 514 2710 Etsi
539 2656 664 2728 quaeris,
693 2674 750 2729 qna
770 2657 891 2713 transit?
919 2673 976 2710 non
1001 2654 1056 2708 nisi
1080 2655 1134 2711 sub

226 2739 368 2796 voluntate
385 2742 578 2812 permittente;
600 2749 629 2798 et
644 2741 698 2798 hoo
715 2744 816 2815 ipsum,
836 2742 911 2813 quod
928 2734 1057 2810 perverse
1074 2741 1136 2796 vult

227 2831 277 2882 aut
296 2825 368 2897 agit,
393 2825 423 2879 in
446 2828 634 2885 universitatis
658 2828 801 2899 praefatae
827 2825 952 2880 ordinem
970 2831 998 2879 et
1014 2823 1134 2895 pulchri·

194 2911 354 2973 titudinem
377 2927 484 2966 summa
512 2913 650 2984 sapientia
672 2913 816 2970 convertit.
850 2911 917 2980 Ipsa
940 2927 1061 2982 numque
1084 2927 1135 2982 per

299 3126 323 3191 1)
341 3123 397 3179 cfr.
416 3125 507 3206 Haase
528 3123 606 3181 Tem.
624 3125 662 3182 Π.
656 3139 748 3247 ἕως.
769 3127 837 3180 576:
864 3123 948 3194 „.Ans
966 3123 1133 3180 untersohei·

227 3191 276 3248 det
296 3193 421 3248 deutlich
440 3193 502 3249 eine
523 3195 654 3266 doppslte
695 3194 744 3249 hre
765 3163 878 3248 onesi!
902 3192 947 3248 die
970 3195 1135 3248 immutante

226 3261 286 3318 und
303 3261 348 3316 die
366 3271 534 3318 nauseante
534 3262 550 3294 ‘⁸

205 3394 209 3402 ,
296 3334 384 3400 2)αά
400 3333 482 3388 illum
498 3331 605 3387 Aa·-
623 3331 665 3384 od
681 3329 765 3384 illum
783 3327 872 3386 Abs.
