2628 3810
375 275 453 334 CUR
471 275 573 334 DEUS
592 275 712 333 HOMO.
748 273 814 334 1.·2.
833 283 857 335 3.
1052 279 1075 345 5

165 452 220 513 tur,
236 445 321 502 liaeat
335 443 405 499 mihi
423 445 500 504 illam
517 446 680 516 obtendere,
704 451 841 518 quatenus
859 444 998 516 quomodo
1016 461 1073 500 non

163 530 283 587 obsistat
298 529 416 601 aperias.
449 531 519 589 Asse.
537 530 591 586 Die
609 532 685 603 quod
702 530 757 586 tibi
772 529 890 586 videtur.

244 667 286 753 30
337 703 405 756 Bos.
432 701 576 760 Obiieiunt
592 698 673 759 nobis
692 702 849 758 deridentes
866 699 1073 773 simplieitatem
1091 696 1104 746 ¹

164 789 289 840 nostram
311 784 451 858 infideles,
476 790 543 858 quia
563 789 625 844 Deo
647 788 766 843 issimus
783 786 913 842 iniuriam
931 791 960 840 et
976 791 1072 839 eontu-

165 869 289 940 meliam,
316 887 378 926 eum
402 888 466 929 eum
493 875 640 931 asserimus
664 874 692 928 in
717 879 826 930 uterum
845 871 971 943 Virginis
981 871 1000 939 Ι)
1025 869 1072 923 de·

165 952 321 1026 suendisse,
331 985 334 992 ,
344 963 441 1012 natum
458 976 519 1015 esse
536 960 571 1015 de
590 959 707 1028 femina,
730 960 803 1014 laete
821 964 849 1014 et
865 955 1003 1012 alimentis
1021 953 1071 1009 bu·

164 1041 255 1096 manis
272 1041 559 1120 nutritumerevisse,
584 1052 612 1100 et
630 1052 663 1100 ut
678 1045 768 1100 multa
784 1043 840 1098 alia
856 1049 979 1111 taceam,
999 1055 1072 1112 quae

164 1126 228 1183 Deo
248 1145 304 1183 non
325 1127 455 1184 videntur
480 1132 640 1200 eonvenite,
666 1129 859 1185 lassitudinem
874 1127 976 1182 famem
996 1125 1072 1180 sitim

164 1212 280 1268 verbera
306 1219 335 1268 et
362 1213 436 1269 inter
464 1215 586 1270 lenones
615 1233 725 1272 erucem
750 1222 921 1285 mortemque
947 1211 1072 1267 subiisse

165 1297 234 1352 Assa.
269 1298 327 1355 Nos
353 1315 409 1354 non
432 1299 550 1354 facimus
567 1300 629 1357 Deo
653 1301 782 1356 iniuriam
803 1300 891 1355 ullam
909 1303 959 1354 aut
975 1301 1106 1354 contu-2

165 1383 283 1453 neriam,
301 1385 351 1440 sed
367 1391 426 1440 toto
439 1385 522 1440 eorde
535 1387 641 1456 gratias
653 1392 768 1458 agentes
784 1385 932 1441 laudamus
951 1391 980 1440 st
992 1399 1073 1455 prae

164 1467 290 1524 dieamus
302 1469 471 1525 ineffabilem
483 1471 660 1526 altitudinem
673 1470 879 1526 miserirordiae
897 1469 988 1538 illius3
1006 1467 1074 1540 quia

164 1560 269 1624 quanto
293 1571 345 1610 nos
371 1555 524 1611 mirabilius
551 1563 580 1611 et
607 1564 719 1628 praeter
744 1555 902 1626 opinionem
926 1555 962 1609 de
987 1554 1073 1608 tantis

164 1645 267 1693 ettam
286 1639 387 1695 debitis
405 1640 486 1695 malis
503 1641 533 1696 in
550 1641 653 1713 quibus
671 1659 789 1711 eramus,
814 1642 851 1696 ad
869 1646 949 1695 tanta
966 1643 995 1694 et
1014 1645 1073 1694 tam

162 1721 289 1780 indebita
309 1725 384 1780 bona
403 1741 475 1797 quaa
492 1728 713 1799 perdideramus,
738 1725 873 1797 restituit,
890 1731 970 1781 tanto
987 1725 1072 1779 maio·

163 1825 222 1863 ram
257 1809 433 1868 dilectionem
459 1831 527 1885 erga
554 1831 604 1868 nos
627 1820 657 1870 st
678 1815 811 1884 pietatem
835 1811 1006 1874 monstravit.
1041 1809 1106 1866 sie

164 1893 239 1946 enim
267 1895 416 1967 diligenter
441 1899 660 1971 considerarent,
689 1915 772 1970 quam
800 1898 996 1954 convenienter
1019 1896 1072 1952 hoe

165 1977 249 2032 modo
266 1988 415 2050 procurata
435 1983 472 2038 sit
492 1984 615 2039 humana
635 1985 816 2054 restauratio,
840 2001 896 2039 non
914 1981 1073 2036 deriderent

164 2068 287 2118 nostram
312 2067 531 2140 simplieitatem,
556 2072 605 2126 sed
623 2071 679 2125 Dei
701 2070 845 2126 nobiseum
864 2068 1010 2122 laudarent
1029 2081 1072 2120 sa·

163 2147 287 2218 pientem
302 2149 509 2223 benignitatem.
545 2152 700 2224 Oportebat
722 2171 842 2225 namque
858 2160 903 2222 ut,
929 2152 1004 2206 sieut
1021 2169 1073 2221 per
1090 2161 1108 2212 4

164 2233 284 2288 hominis
311 2235 526 2294 inobedientiam
549 2256 623 2295 mors
646 2239 676 2294 in
700 2239 852 2294 humanum·
875 2254 964 2308 genus
987 2236 1073 2290 intra·

164 2326 252 2389 uerat,
270 2320 310 2375 ita
327 2337 376 2390 per
392 2323 510 2379 bominis
528 2326 714 2393 obedientiam
730 2325 789 2379 vita
805 2323 1004 2381 restitueretur.
1036 2320 1074 2375 Et
1091 2335 1107 2384 5

166 2407 399 2478 quemadmodum
410 2414 565 2480 peceatum,
584 2411 660 2482 quod
670 2409 726 2464 fuit
737 2425 823 2464 eausa
834 2413 946 2463 nostrae
959 2407 1073 2460 damna-

164 2493 258 2562 tionis,
274 2492 384 2547 iuitium
402 2492 500 2548 babuit
517 2513 535 2550 a
550 2497 662 2566 femina,
681 2497 722 2552 sie
740 2513 823 2552 verae
841 2493 1008 2550 institisset
1028 2507 1072 2546 sa·
1182 2535 1184 2540 s

164 2579 232 2634 lutis
255 2583 366 2636 nostrae
385 2584 482 2632 auctor
489 2581 510 2645 ²)
533 2590 692 2638 nasceretur
717 2582 752 2637 de
773 2581 893 2650 femina,
918 2587 947 2635 et
964 2583 998 2632 ut
1015 2578 1073 2632 dia-

165 2663 261 2734 bolus,
286 2665 334 2736 qui
360 2681 411 2736 per
433 2669 547 2735 gustum
566 2665 637 2738 ligni
656 2682 739 2736 quem
756 2665 908 2736 persuasit,
934 2663 1073 2720 hominem

165 2748 278 2819 vicerat,
297 2750 338 2805 its
354 2767 405 2823 per
422 2749 580 2821 passionem
597 2749 668 2822 ligni
686 2767 770 2822 quarn
787 2749 888 2819 intulit,
907 2750 944 2806 ab
961 2749 1073 2805 homine

166 2831 328 2888 vinceretur.
364 2833 436 2890 Sunt
454 2851 565 2906 quoque
583 2835 639 2889 alia
657 2836 753 2904 multa,
774 2851 846 2907 quae
866 2835 990 2891 studiose
1008 2849 1072 2888 oon·
1090 2841 1107 2890 6
1136 2841 1142 2860 ·

166 2916 287 2972 siderate
312 2918 482 2976 ineffabilem
512 2921 653 2992 quandam
682 2927 792 2976 nostrae
817 2919 993 2996 redemtionis
1019 2918 1073 2972 hoo

166 3001 249 3056 modo
266 3010 432 3076 procuratae
448 3005 683 3076 pulchritudinem
701 3006 859 3061 ostendunt

238 3193 247 3241 1
280 3190 354 3248 Dedi
375 3195 501 3264 Virps'm's
519 3211 543 3250 e.
561 3193 629 3250 Cod
648 3193 673 3248 B
689 3210 741 3264 pro
758 3193 885 3248 molieris
899 3189 976 3261 vulg.

163 3325 187 3383 c
203 3264 273 3384 E²P
283 3259 332 3384 {ie
353 3272 466 3318 nostrae
487 3263 613 3318 iustitiae
634 3271 660 3317 et
677 3263 779 3316 solatia
795 3267 895 3316 auctor
914 3259 942 3315 A
954 3257 1032 3362 aba
1048 3256 1074 3312 B
